1912 3136
358 114 745 97 PSEAVME IIII.

54 193 1081 123 Iuſques à quand, gens inhumaines,

49 279 876 105 Ma gloire abattre taſcherez

52 352 1007 123 Iuſques à quand empriſes vaines

49 436 960 110 Sans fruit, & d’abuſion pleines,

47 520 905 120 Aymerez-vous & cercherez?

128 655 1067 136 Sachez, puis qu’il le conuient dire,

62 755 1062 107 Que Dieu pour ſon Roy gracieux

52 836 868 94 Entre tous m’a voulu eſlire:

54 912 822 99 Et ſi à luy crie & ſouſpire,

41 985 1023 117 Il m’entendra de ſes hautz cieux.

62 1139 1049 120 Tremblez donques de telle choſe,

57 1228 1059 99 Sans plus contre ſon vueil pecher:

62 1309 976 96 Penſez en vous ce que propoſe,

68 1382 1041 102 Deſſus voz litz, en chambre cloſe,

68 1458 889 120 Et ceſſez de plus me faſcher.

130 1628 777 112 Puis offrez iuſte ſacrifice,

52 1714 1096 102 De cœur contrit, bien humblement,

47 1800 933 102 Pour repentance d’vn tel vice:

49 1878 1080 100 Mettant au Seigneur Dieu propice

57 1973 793 101 Voz fiances entierement.

47 2108 1048 121 Pluſieurs gens diſent: Qui ſera-ce,

65 2197 976 97 Qui nous fer a voir force biens?

54 2276 973 115 O Seigneur, par ta ſainte grace,

57 2352 808 88 Vueille la clarté de ta face

54 2433 905 128 Eſleuer ſur moy & les miens.

1098 2571 186 99 A 5
