1912 3136
632 146 597 91 PSEAVME V.

444 214 937 123 Car plus de ioye m'eſt donnée

360 297 1005 123 Par ce moyen (o Dieu treſ-haut)

374 378 1158 134 Que n’ont ceux qui ont grand' année

360 467 877 102 De froment & bonne vinée,

360 533 1065 125 D’huyles, & tout ce qu’il leur faut.

366 671 1012 133 Si qu'en paix & en ſeurté bonne

360 765 767 118 Coucheray & repoſeray.

358 836 1057 125 Car, Seigneur, ta bonté l’ordonne:

360 917 903 110 Et elle ſeule eſpoir me donne,

366 998 920 138 Que ſeur & ſeul regnant ſeray.

907 1160 309 89 Argument.

418 1194 1371 112 Dauid en exil, ayant beaucoup fouffert, & ſatten¬

353 1277 1443 108 dant ſouffrir dauantage, par les flatteurs qui eſtoyent

350 1338 1449 107 autour de Saul, dreſſe ſa priere à Dieu: puis ſe conſo¬

345 1400 1457 123 Ie, quand il penſe que le Seigneur a touſiours Ies mau¬

353 1463 1090 105 uais en hayne, & quil fauoriſe les bons.

792 1562 534 107 PSEAVME V.

630 1659 879 131 Verba mea auribus percipes

528 1779 821 102 vx parolles que ie veux dire

543 1852 764 108 Plaiſe toy l'oreille preſter,

345 1928 790 102 Et à cognoiſtre t’arreſter,

340 2004 1184 128 Pourquoy mon cœur penſe & fouſpire,

554 2095 492 100 Souuerain Sire.

340 2223 871 105 Entens à la voix treſardante

340 2307 1143 120 De ma clameur, mon Dieu mon Roy,

345 2393 889 102 Veu que tant ſeulement à toy

340 2461 813 120 Ma ſupplication preſente,

538 2550 578 128 I'offre & preſente.

353 1775 172 176 A

1449 2592 149 70 Ma
