1912 3136
507 177 594 73 PSEAVME V.

102 274 946 94 Matin deuant que iour il face,

107 350 866 91 S’il te plait, tu m’exauceras:

96 418 816 104 Car bien matin prié ſeras

102 493 941 115 De moy, leuant au ciel la face,

298 580 552 96 Attendant grace.

102 716 1072 125 Tu es le vray Dieu, qui meſchance

99 815 923 112 N’aymes point, ne malignité:

102 893 693 110 Et auec qui en verité,

99 961 1101 133 Malfaicteurs n’auront accointance,

308 1050 534 110 Ne demourance.

102 1220 818 107 Iamais le fol & temeraire

107 1306 1022 102 N’oſe apparoir deuant tes yeux:

112 1382 908 107 Car touſiours te ſont odieux

115 1447 1014 134 Ceux, qui prennent plaiſir à faire

300 1539 521 104 Mauuais affaire.

115 1672 863 139 Ta fureur pert & extermine

109 1777 945 115 Finalement tous les menteurs.

117 1868 1122 99 Quant aux meurtriers & decepteurs,

109 1933 945 123 Celuy qui terre & ciel domine

311 2014 450 115 Les abomine.

107 2176 1169 113 Mais moy, en la grand' bonté mainte,

109 2260 827 107 Laquelle m’as fait ſauorer,

112 2338 685 110 Iray encore t’adorer

115 2414 1106 126 En ton Temple, en ta maiſon ſainte,

326 2500 602 178 Deſſouz ta crainte.
