1912 3136
345 154 688 104 PSEAVME VII.

65 263 766 95 De ma plainte ordinaire

70 334 623 118 A bien ouy la voix.

68 488 714 102 Le Seigneur en arriere

68 569 771 107 N’a point mis ma priere,

70 655 709 87 Exaucé m’a des cieux:

70 729 683 96 Receu a ma demande,

73 807 719 102 Et ce que luy demande

78 888 735 99 Accordé m’a & mieux.

73 1027 949 107 Donques honteux deuiennent,

75 1115 866 105 Et pour veincuz ſe tiennent

78 1196 709 89 Mes aduerſaires tous.

96 1270 903 109 Que chaſcun deux ſ’eſloigne

86 1348 852 105 Subit en grand’ vergoigne,

86 1424 876 107 Puis que Dieu m’eſt ſi doux.

643 1591 309 84 Argument.

170 1651 1362 102 Il prie deſtre preſerué de la grande perſecution de

81 1735 1449 70 Saul, met en auant ſon innocence, requiert le Royau¬

83 1792 1447 86 me à luy promis, & confuſion à ſes aduerſaires. Fi¬

81 1863 1451 89 nalement, il chante quilz periront de leurs propres

81 1918 667 91 glaiues, & en loue Dieu.

499 1993 617 100 PSEAVME VII.

256 2101 1104 99 Domine Deus meus in te ſperaui.

292 2216 976 102 On Dieu, i'ay en toy eſperance,

318 2302 1063 101 Donne moy donc ſauue aſſeurance

86 2383 939 99 De tant d’ennemis inhumains,

86 2459 1122 125 Et fay que ne tombe en leurs mains.

88 2276 198 128 M
