1912 3136
596 196 709 91 PSEAVME VII.

353 290 957 107 Afin que leut chef ne me gripe,

353 368 897 107 Et ne me deſrompe & diſſipe,

360 449 871 89 Ainſi qu’vn Lion deuorant,

360 533 976 99 Sans que nul me ſoit ſecourant.

434 669 973 115 Mon Dieu, ſur qui ie me repoſe,

360 757 989 105 Si i’ay commis ce qu’il propoſe,

360 833 819 105 Si de luy faire ay proietté,

360 909 898 107 De ma main tour de laſcheté:

360 1066 979 102 Si mal pour mal i'ay voulu faire

360 1147 971 104 A ceſt ingrat, mais aucontraire,

360 1225 890 107 Si fait ne luy ay tour d’amy,

368 1314 1010 107 Quoy qu’à tout me ſoit ennemy:

444 1453 1164 112 Ie veux qu’il me pourſuyue en guerre,

366 1536 1083 107 Qu’il m’attaigne & porte par terre,

363 1620 709 81 Soit de ma vie ruineur,

363 1703 968 92 Et mette à neant mon honneur.

360 1837 887 107 Leue toy donc, leue toy Sire,

366 1944 852 81 Sur mes ennemis en ton ire,

368 2007 973 99 Veille pour moy, que ie ſois mis

363 2082 973 105 Au droit, lequel tu m’as promis.

444 2231 1117 113 A grans trouppeaux le peuple vienne

363 2315 897 97 Autour de la Maieſté tienne,

363 2396 999 99 Sois pour la cauſe de nous deux

358 2469 871 126 Haut eſleué au milieu d’eux.

1493 2561 110 96 Là
