1912 3136
376 130 767 115 PSEAVME VII.

86 261 965 81 Là des peuples Dieu ſera luge.

88 329 1000 99 Et alors, mon Dieu, mon refuge,

88 410 806 102 Iuge moy en mon equité,

91 483 761 102 Et ſelon mon integrité.

164 624 1054 105 La malice aux malins conſomme,

81 700 1090 104 Et ſouſtien le droit & iuſte homme,

88 784 1021 94 Toy iuſte Dieu, qui iuſqu’au fons

86 867 1077 94 Sondes les cœurs mauuais & bons.

78 993 1067 117 C’eſt Dieu qui eſt mon aſſeurance,

78 1089 942 89 Et mon pauois: i’ay eſperance

81 1165 1090 105 En luy, qui garde, & fait vainqueur

88 1238 1044 105 Vn chaſcun qui eſt droit de cœur.

175 1366 792 110 Dieu eſt le iuge veritable

94 1445 837 112 De celuy qui eſt equitable,

91 1526 913 115 Et de celuy ſemblablement,

73 1607 842 102 Qui l’irrite iournellement.

68 1748 1017 102 Si l’homme qui taſche à me nuire

65 1826 939 97 Ne ſe veut changer & reduire,

60 1910 1007 110 Dieu viendra ſon glaiue aguiſer,

62 1991 924 102 Et bander ſon arc pour viſer.

136 2103 1001 120 Deſia le grand Dieu des alarmes

57 2187 931 99 Luy prepare mortelles armes:

60 2270 986 102 Il fait dardz propres, & ſeruans

60 2344 988 115 A pourſuyure mes pourſuyuans.

65 2440 994 136 Et l’autre engendre choſe vaine,

1255 2490 60 146 B
