1912 3136
593 130 785 131 PSEAVME VIII.

360 250 987 102 Ne conçoit que trauail & peine,

353 326 1014 113 Pour enfanter (quoy qu’il en ſoit)

360 405 947 112 Le rebours de ce qu’il penſoit.

434 540 779 102 A cauer vne grande foſſe

353 621 750 113 Il met ſolicitude groſſe:

347 705 806 110 Mais en la foſſe qu’il fera,

347 786 814 123 Luy meſmes il trebuchera.

342 922 999 115 Le mal qu’il me forge & appreſte,

342 1008 790 100 Retournera deſſus ſa teſte:

340 1089 1009 92 Brief ie voy le mal qu’il commet,

347 1165 900 110 Luy deſcendre ſur le ſommet.

421 1301 1158 110 Donc louange au Seigneur ie donne,

340 1385 970 94 Pour ſa iuſtice droite & bonne:

342 1463 850 107 Et tant que terre hanteray,

347 1541 1023 113 Le Nom du Treshaut chanteray.

891 1664 306 110 Argument.

410 1737 1376 94 Auec grande admiration Dauid celebre icy la mer¬

345 1813 1454 89 ueilleuſe puiſſance du createur de toutes choſes, & la

353 1881 1446 86 grande bonté dont il a daigné vſer enuers lhomme, la¬

355 1952 547 83 yant fait tel quil eſt.

724 2025 683 102 PSEAVME VIII.

387 2101 1378 120 Domine, Dominus noſter quàm admirab.

538 2223 1033 108 Noſtre Dieu, & Seigneur amiable,

544 2304 1252 113 Cõbien ton Nom eſt grand, & admirable

353 2383 1017 104 Par tout ce val terreſtre ſpacieux,

374 2456 1085 165 Qui ta puiſſance eſleue ſur les cieux!

360 2208 150 198 O

1438 2568 139 97 En
