1912 3136
387 185 756 110 PSEAVME VIII.

88 266 1227 112 En tout ſe voit ta grand' vertu parfaite,

88 347 1316 112 Iuſqu’à la bouche aux enfans qu’on allaite:

88 428 1034 107 Et rendz par là confuz & abbatu

94 504 928 115 Tout ennemy qui nie ta vertu.

86 632 1363 125 Mais quand ie voy & contemple en courage

91 721 1433 120 Tes cieux, qui ſont de tes doigtz haut ouurage,

78 799 1078 115 Eſtoilles, Lune, & ſignes differentz,

86 883 1159 117 Que tu as faitz & aſſis en leurs rengz.

78 1016 1161 112 Adonc ie dy à part moy (ainſi comme

83 1094 1332 121 Tout esbahy) Et qu’eſt-ce que de l’homme?

78 1176 1067 117 D’auoir daigné de luy te ſouuenir,

86 1254 1075 128 Et de vouloir en ton ſoing le tenir.

102 1372 1156 135 Tu l'as fait tel, que plus il ne luy reſte,

83 1463 1258 128 Fors eſtre Dieu: car tu l’as, quant au reſte,

65 1549 1135 115 Abondamment de gloire enuironné.

52 1630 1297 120 Remply de biens & d’honneur couronné.

44 1764 1235 130 Regner le fais ſur les œuures tant belles

44 1860 1386 110 De tes deux mains, comme ſeigneur d’icelles.

44 1933 1177 121 Tu as, de vray, ſans quelque exception,

36 2004 1164 118 Mis ſouz ſes piedz tout en ſubrettion:

34 2119 1386 131 Brebis & beufz, & leurs peaux & leurs laines,

41 2208 1444 123 Tous les trouppeaux des hautz montz & des

1179 2312 304 110 (plaines:

34 2284 1116 125 En general, toutes beſtes cerchans

36 2372 1148 121 A paſturer par les bois & les champs.

47 2464 1349 180 Oiſeaux de l’air, qui volent, & qui chantent,

1088 2587 170 109 B 2
