1912 3136
598 148 699 110 PSEAVME IX.

334 266 1355 110 Poiſſons de mer, ceux qui nagent & hantent

337 344 1146 105 Par les ſentiers de mer, grans & petis,

342 420 1104 118 Tu les as tous à l’homme aſſubiettis.

337 554 1114 109 O noſtre Dieu, & Seigneur amiable,

337 637 1334 113 Comme à bon droit eſt grand & admirable

340 718 1226 110 L’excellent bruit de ton Nom precieux,

337 797 1025 115 Par tout ce val terreſtre ſpacieux.

889 906 322 92 Argument.

405 961 1386 97 Ceſt vn chant triomphal, par Iequel Dauid rend gra¬

337 1034 1459 102 ces à Dieu de certaine bataille quil gagna, en laquelle

337 1100 1454 89 mourut ſon principal eunemy (aucuns eſtiment que ce

337 1165 1449 102 fut Goliath) apres il magnifie la iuſtice de Dieu, qui

340 1233 891 84 venge les ſiens en temps & lieu.

766 1288 594 99 PSEAVME IX.

337 1374 1428 139 Confitebor tibi Domine in toto corde meo.

530 1479 895 112 E tout mon cœur t’exalteray,

530 1560 783 112 Seigneur, & ſi raconteray

360 1656 1013 87 Toutes tes œuures nompareilles,

358 1722 1098 115 Qui ſont dignes de grans merueilles

342 1863 827 97 En toy ie me veux reſiouir,

347 1960 895 86 D’autre ſoulas ne veux iouyr.

345 2025 960 99 OTreshaut, ie veux en cantique

345 2103 970 107 Celebrer ton Nom authentique.

342 2231 950 107 Pource que par ta grand' vertu

342 2320 876 92 Mon ennemy ſ'enfuit battu,

345 2401 952 110 Deſconfit de corps & courage,

345 2482 884 149 Au ſeul regard de ton viſage.

355 1473 144 199 D

1370 2558 128 97 Car
