1912 3136
428 164 678 139 PSEAVME IX.

102 282 836 99 Car tu m’as eſté ſi humain,

104 358 1049 115 Que tu as prins ma cauſe en main:

99 425 915 123 Et t’es aſſis pour mon refuge,

99 520 897 101 En chaire, comme iuſte Iuge.

104 637 832 120 Tu as deffait mes ennemis,

94 736 808 100 Le meſchant en ruine mis:

96 820 1010 94 Pour tout iamais leur renommée

104 891 858 102 Tu as eſteinte & conſumée.

99 1037 808 105 Or ça ennemy caut & fin,

96 1113 874 107 As tu mis ton empriſe à fin?

96 1209 874 92 As tu raſé noz citez belles?

94 1275 994 102 Leur nom eſt-il mort auec elles?

109 1398 1013 115 Non, non: le Dieu qui eſt là haut,

104 1481 897 120 En regne qui iamais ne faut,

102 1565 1038 117 Son Throne a dreſſé tout propice

94 1646 842 110 Pour faire raiſon & iuſtice.

88 1795 704 104 Là iugera-il iuſtement

86 1884 871 81 La terre ronde entierement,

86 1946 879 105 Peſant les cauſes en droiture

83 2038 871 84 De toute humaine creature,

86 2158 750 97 Et Dieu la retraite ſera

83 2239 937 110 Du poure qu’on pourchaſſera,

94 2323 860 91 Voire ſa retraite opportune

88 2396 1005 107 Au plus dur temps de ſa fortune.

94 2498 1187 167 Dont ceux qui ton Nom cognoiſtront

1166 2605 178 120 B 3
