1912 3136
625 201 654 96 PSEAVME IX.

337 303 1010 73 Leur aſſeurance en toy mettront:

347 358 1057 109 Car, Seigneur, qui à toy ſ’addonne,

355 439 997 115 Ta bonté point ne l’abandonne.

353 574 829 100 * Chantez en exultation

353 658 886 97 Au Dieu qui habite en Sion:

353 739 970 102 Noncez à gens de toutes guiſes

353 820 975 107 Ses œuures grandes & exquiſes.

347 946 1002 117 Car du ſang des iuſtes ſ'enquiert,

345 1037 926 102 Luy en ſouuient, & le requiert:

347 1115 892 94 Iamais la clameur il n’ouble

345 1191 826 107 De l’affligé qui le ſupplie.

353 1330 1103 117 Seigneur Dieu, ce diſois-ie en moy,

360 1411 955 112 Voy par pitié, que i’ay deſmoy

347 1484 960 104 Par mes ennemis rempliz d’ire,

347 1570 882 97 Et du pas de mort me retire.

347 1724 892 100 Afin qu’au milieu de l'enclos

345 1813 860 92 De Sion, i’annonce ton los:

342 1889 866 94 En demenant reſiouiſſance,

342 1962 981 115 D’eſtre recoux par ta puiſſance.

342 2108 884 115 Incontinent les malheureux

345 2200 1004 104 Sont cheuz au piege fait par eux,

347 2278 1057 118 Leur pied meſme ſ’eſt venu prendre

350 2354 908 123 Au file qu’ilz ont oſe tendre.

353 2487 850 134 Ainſi eſt cognu l’Immortel,

1362 2500 136 178 D'a¬
