1912 3136
353 188 659 83 PSEAVME IX.

96 284 900 89 D’auoir fait vn iugement tel,

107 347 926 105 Que l’inique a ſenty l’outrage

99 425 1023 113 Et le mal de ſon propre ouurage.

99 561 1088 113 Croyez que touſiours les meſchans

99 645 868 99 S'en iront à bas trebuchans,

99 723 892 100 Et toutes ces gens inſenſées,

104 794 1203 123 Qui n’ont point Dieu en leurs penſées.

99 932 910 110 Mais l’homme poure humilié

104 1024 714 91 Ne ſera iamais oublié:

102 1100 1056 99 Iamais de l’humble eſtant en peine

102 1178 823 107 L’eſperance ne ſera vaine.

128 1306 1051 110 Vien Seigneur, monſtre ton effort,

133 1392 1025 89 Que l'homme ne ſoit le plus fort:

138 1479 1007 94 Ton pouuoir les gens venir face

117 1547 874 117 En iugement deuant ta face.

104 1680 986 123 Seigneur Dieu, qui immortel es,

109 1774 911 99 Treſſaillir de crainte fay-les:

107 1852 1025 105 Donne leur à cognoiſtre, comme

109 1926 1350 128 Nully d’entre eux n’eſt rien fors qu’homme.

674 2074 330 97 Argument.

164 2156 1389 88 Ce pſeaume eſt vne priere cõtre les peruers, nuiſans.

115 2223 1436 95 & malicieux hommes, qui par dol & par force oppreſ¬

109 2284 1449 94 ſent Ies bons, & les plus foibles: & y ſont deſcritz lor

117 2357 1441 107 gueil, & les moyens, dont enuers eux vſent les mal¬

117 2427 215 89 uiuans.

1150 2516 176 186 B 4
