1912 3136
358 347 152 204 D

635 175 596 115 PSEAVME X.

546 274 1080 125 Domine, vt quid receſſiſti longe.

538 363 1107 136 'Ou vient cela, Seigneur ie te ſupply',

538 457 1248 104 Que loing de nous te tiens les yeux cou¬

1603 559 180 141 (uers?

353 527 1239 118 Te caches tu pour nous mettre en oubly,

345 606 1198 117 Meſmes au temps qui eſt dur & diuers?

421 684 1216 120 Par leur orgueil ſont ardens les peruers

342 770 1227 110 A tourmenter l’humble, qui peu ſe priſe:

340 838 1174 128 Fay que ſur eux tombe leur entrepriſe.

337 969 1051 125 Car le malin ſe vante & ſe fait ſeur,

337 1066 1130 115 Qu’en ſes deſirs n’aura aucun defaut:

332 1142 1117 115 Ne priſant rien que l’auare amaſſeur,

326 1215 1073 117 Et meſpriſant l’Eternel de là haut.

423 1298 1269 115 Tant eſt-il fier que de Dieu ne luy chaut:

319 1374 1263 110 Mais tout cela qu’il penſe en ſa memoire,

324 1455 1347 133 C’eſt, Dieu n’eſt point, & ſi ne le veut croire.

326 1578 1222 138 Tout ce qu'il fait tend à mal ſans ceſſer,

319 1672 1119 118 De ſa penſée eſt loing ton iugement:

321 1753 1028 107 Tant eſt enflé qu’il cuide renuerſer

316 1829 1007 107 Ses ennemis à ſouffler ſeulement.

394 1907 1235 120 En ſon cœur dit: D’es branler nullement

306 1983 1166 125 Garde ie n’ay: car ie ſay qu’en nul aage

311 2064 1294 133 Ne peut tomber ſur moy aucun dommage.

306 2197 1127 131 D'vn parler feint plein de deception,

306 2289 1250 117 Le faux periure eſt touſiours embouche,

306 2359 1093 113 Deſſouz ſa langue, auec oppreſſion,

306 2438 1179 115 Deſir de nuire eſt touſiours embuſché.

381 2524 1360 128 Semble au brigand, qui ſur les champs caché,

1553 2618 191 133 L’in¬
