1912 3136
486 125 617 136 PSEAVME X.

44 271 1072 107 L’innocent tue en cauer ne ſecrette,

41 342 1172 125 Et de qui l’œil poures paſſans aguette.

36 486 976 122 Auſſi l'inique vſe du tour ſecret

36 577 1078 110 Du Lion caut en ſa taiſniere, helas,

36 653 1261 110 Pour attrapper l’homme ſimple & pouret,

39 731 1221 115 Et l’engloutir quand l’a pris en ſes laqs.

117 810 1094 99 Il fait le doux, le marmiteux, le las:

39 885 1132 102 Mais ſouz cela, par ſa force peruerſe,

36 964 1263 123 Grand quantité de poures gens renuerſe.

36 1110 1054 97 Et dit encor, en ſon cœur vicieux,

44 1194 1174 102 Que Dieu ne veut la ſouuenance auoir

47 1267 1143 112 De tout cela: & qu’il couure ſes yeux,

47 1348 1090 110 A celle fin de iamais n’en rien voir.

138 1426 1271 110 Leue toy donc, Seigneur, pour y pouruolr:

52 1502 1067 110 Hauſſe ta main deſſus, ie te ſupplie,

41 1581 1141 120 Et ceux qui ſont perſecutez n’oublie.

31 1719 1242 102 Pourquoy irrite & contemne en ſes faitz

31 1800 1376 112 L’homme meſchant le Dieu doux & humain?

28 1878 1253 105 En ſon cœur dit, qu’enqueſte tu n’en faiz,

36 1962 1235 99 Mais tu vois bien ſon meſfait inhumain:

112 2038 1253 115 Et voyant tout, prens les cauſes en main.

36 2114 1093 115 Voyla pourquoy ſ’appuye le debile

34 2195 1111 102 Sur toy, qui es le ſupport du pupille.

39 2352 1117 112 Briſe la force & le bras plein d’exces

36 2433 1065 99 Du malfacteur, inique & reprouué:

36 2514 1227 128 Fay de ſes maux l’enqueſte, & le proces,

1014 2605 170 105 B 5
