1912 3136
643 146 664 136 PSEAVME XI.

402 256 1138 125 Plus n’en ſera par toy vn ſeul trouué,

486 339 1114 123 Lors à iamais Roy de tous approuué

400 405 1035 133 Regnera Dieu, & de ſa terre ſainte

408 493 1001 123 Sera la race aux iniques eſteinte.

410 635 1148 128 O Seigneur donc, ſ’il te plait, tu orras

410 716 1201 115 Ton poure peuple en ceſte aſpre ſaiſon:

402 794 1143 125 Et bon courage & eſpoir luy donras,

400 872 1190 126 Preſtant l’oreille à ſon humble oraiſon:

483 956 1128 115 Qui eſt de faire aux plus petis raiſon,

400 1032 1268 110 Droit aux foulez: ſi que l’homme de terre

397 1105 1235 136 Ne vienne plus leur faire peur ne guerre.

954 1259 311 102 Argument.

462 1311 1387 118 Il ſe complaint de ceux qui le chaſſoyent de toute

392 1382 1457 107 Ia terre dIſrael. Puis chante ſa confiance en Dieu, & le

389 1447 1324 123 iugement diceluy ſur les bons & ſur les mauuais.

789 1531 646 91 PSEAVME XI.

776 1607 683 123 In Domino confido.

580 1724 1256 128 Eu que du tout en Dieu mõ cœur ſ’appuie,

578 1816 1163 112 Ie m’esbahy comment de voſtre mont,

384 1889 1235 110 Pluſtoſt qu’oiſeau, dites que ie m’enfuye.

387 2025 1281 120 Vray eſt que l’arc les malins tendu m’ont,

387 2106 1182 107 Et ſur la corde ont aſſis leurs ſagettes:

384 2189 1255 102 Pour contre ceux qui de cœur iuſtes ſont,

384 2260 1250 118 Les deſcocher iuſques en leurs cachettes.

462 2391 1120 128 Mais on verra bien toſt à neant miſe

384 2482 926 141 L’intention de telz malicieux.

397 1706 154 191 V

1462 2568 164 115 Quel'
