1912 3136
334 196 709 78 PSEAVME XII.

54 258 1094 123 Quel' faute auſſi a le iuſte commiſe?

47 399 1234 110 Sachez que Dieu a ſon Palais aux cieux.

41 488 1334 102 Deſſus ſon Throne eſt l’Eternel monarque.

44 561 1130 100 Là haut aſſis, il voit tout de ſes yeux,

44 645 1308 107 Et ſon regard les humains note & marque.

133 781 1195 107 Tout il eſprouue, & le iuſte il approuue,

41 857 1243 112 Mais ſon cœur hait qui ayme extorſion,

44 948 1182 99 Et l’homme en qui violence ſe trouue.

36 1071 910 110 Pleuuoir fera feu de punition

41 1160 1366 104 Sur les malins, ſoufre chaud, flamme ardente,

49 1238 1109 102 Vent foudroyant. Voila la portion

52 1314 1190 105 De leur bruuage, & leur paye euidente.

146 1445 1151 107 Car il eſt iuſte, & pource ayme iuſtice,

62 1534 1245 104 Tonrnant touſiours, par douce affection,

62 1612 1376 120 Vers l’homme droit, ſon œil doux & propice.

107 1800 1386 112 Argument.

593 1737 311 105 Il parle contre les flatteurs de la court de Saul, qui

47 1894 1446 97 par flatteries, diſſimulations & arrogances eſtoyent

44 1965 1284 91 moleſtes à chacun: & prie Dieu y donner ordre.

413 2033 706 102 PSEAVME XII.

368 2135 803 115 Saluum me fac Domine.

219 2244 1188 118 Onne ſecours, Seigneur, il en eſt heure,

235 2328 1248 115 Car d’hõmes droitz ſõmes tous deſnuez:

47 2406 1158 97 Entre les filz des hommes ne demeure

52 2487 1083 123 Vn qui ait Foy, tant ſont diminuez.

47 2226 167 214 D
