1912 3136
693 216 708 123 PSEAVME XII.

410 295 1028 125 Certes chaſcun, vanité menteries,

410 373 1062 123 A ſon prochain dit ordinairement:

408 454 1129 113 Aux leures n’a l’homme que flateries,

408 527 1226 115 Et diſant l’vn, ſon cœur parle autrement.

410 671 1287 118 Dieu vueille donc ces leures blandiſſantes

410 750 1091 112 Tout à trauers, pour iamais inciſer:

402 828 1151 125 Pareillement ces langues arrogantes,

415 906 1081 141 Qui brauement ne font que deuiſer.

405 1037 1446 136 Qui meſmement entre eux ce propos tiennent.

397 1126 1363 133 Nous ſerons grans par noz langues ſur tous,

397 1204 1313 118 A nous, de droit, noz leures appartiennent,

394 1277 1287 131 Flatons, mentons, qui eſt maiſtre ſur nous?

397 1421 1198 128 Pour l’affligé, pour les petis qui crient,

397 1500 1015 120 Dit le Seigneur, ores me leueray:

394 1578 1311 128 Loing les mettray des langues qui varient,

394 1656 1225 136 Et de leurs laqs chaſcun d’eux ſauueray.

392 1803 1051 117 Certes de Dieu la parolle ſe treuue

384 1878 1078 121 Parolle nette, & treſpure eſt ſa voix:

389 1960 1141 112 Ce n’eſt qu’argent affiné à l'eſpreuue,

389 2046 1067 123 Argent au feu eſpuré par ſept fois.

400 2140 1433 144 Toy donc, Seigneur, ta promeſſe, & tes hõmes,

384 2234 1054 104 Garde & maintien par ta gratuité:

387 2312 1307 110 Et de ces gens, dont tant moleſtez ſommes,

389 2383 829 115 Deliure nous à perpetuité.

394 2490 1371 136 s malins à grands trouppes cheminent,

1621 2597 141 89 De¬
