1912 3136
36 990 60 209 I

376 177 772 66 PSEAVME XIII.

31 227 1151 112 Deca, dela tout eſt plein d’inhumains,

34 321 1401 107 Lors que d’iceux les plus meſchans dominent,

34 405 1135 109 Et qu’eſleuez ſont entre les humains.

583 548 306 100 Argument.

70 624 1405 97 Apres pluſieurs batailles perdues, il ſe complaint de

34 695 1428 104 ce que Dieu tarde tant à le ſecourir: puis Ie prie luy

31 763 947 83 donner la ioye de victoire obtenue.

347 833 733 92 PSEAVME XIII.

209 909 1059 110 Vſquequo Domine obliuiſceris?

107 1016 818 118 Vſques à quand as eſtably,

104 1094 1012 100 Seigneur, de me mettre en oubly?

28 1173 1138 112 Eſt-ce à iamais? par combien d’aage

34 1249 884 107 Deſtourneras-tu ton viſage

34 1317 986 117 De moy, las, d’angoiſſe remply?

39 1453 991 109 Iuſques à quand ſera mon cœur

39 1557 975 102 Veillant, conſeillant, pratiqueur,

28 1625 863 105 Et plein de ſoucy ordinaire?

26 1696 973 120 Iuſques à quand mon aduerſaire

26 1797 939 113 Sera-il deſſus moy vainqueur?

26 1899 1043 136 Regarde moy, mon Dieu puiſſant,

26 2004 994 110 Reſpons à mon cœur gemiſſant,

28 2080 981 107 Et mes yeux troublez illumine:

28 2156 955 112 Que mortel dormir ne domine

26 2231 868 118 Deſſus moy, quaſi periſſant.

39 2383 876 107 Que celuy qui guerre me fait

34 2459 836 159 Ne die point: le l'ay deffait:
