1912 3136
646 185 818 78 PSEAVME XIIII.

421 261 1208 128 Et que tous ceux qui tant me troublent,

413 331 1054 131 Le plaiſir qu’ilz ont ne redoublent,

410 415 908 112 Par me voir trebucher de fait.

410 538 1020 123 En toy giſt tout l’eſpoir de moy.

408 616 988 113 Par ton ſecours, fay que l’eſmoy

405 695 1062 122 De mon cœur, en plaiſir ſe change.

402 776 1007 117 Lors à Dieu chanteray louënge,

400 859 954 121 Car de chanter i’auray dequoy.

931 995 308 76 Argument.

460 1021 1386 118 Il dit que tout eſt plein dinfideles & ethniques: de¬

392 1100 1449 120 ſcrit Ieur entendement corrompu, ſouhaite & predit

387 1173 1449 117 Ieur ruyne: & la deliurance du peuple de Dieu, par eux

392 1236 225 102 deuoré.

737 1298 732 118 PSEAVME XIIII.

632 1377 947 117 Dixit inſipiens in corde ſuo.

564 1476 1102 118 E fol malin en ſon cœur dit & croit,

572 1557 1253 128 Que Dieu n’eſt point, & corrõpt, & rẽuer¬

1723 1664 94 157 (ſe

384 1643 1232 105 Ses mœurs, ſa vie, horribles faitz exerce:

381 1714 1243 128 Pas vn tout ſeul ne fait rien bon ne droit,

564 1795 524 107 Ny ne voudroit.

379 1910 954 141 Dieu du haut ciel, a regardé icy

379 2012 1056 123 Sur les humains, aueques diligence,

381 2090 1136 128 S’il en verroit quelcun d’intelligence,

387 2166 954 125 Qui d’inuoquer la diuine mercy

580 2250 445 112 Fuſt en ſoucy.

366 2385 1237 121 Mais tout bien veu, a trouué que chaſcun

368 2466 1177 170 A foruoyé, tenant chemins damnables:

389 1480 149 187 L

1666 2597 154 76 En¬
