1912 3136
319 146 829 104 PSEAVME XIIII

36 227 1190 115 Enſemble tous ſont faitz abominables,

34 305 1046 113 Et n’eſt celuy qui face bien aucun,

230 384 518 104 Non iuſqu’à vn.

28 517 1167 112 Nont ilz nul ſens, tous ces pernicieux,

34 608 1339 108 Qui font tout mal & iamais ne ſe changent?

31 682 1412 120 Qui comme pain mon poure peuple mangent,

31 757 1140 108 Et d’inuoquer ne ſont point ſoucieux

235 836 596 104 Le Dieu des cieux.

28 966 1086 113 Certainement tous esbahys ſeront,

31 1053 1357 115 Que ſur le champ ilz trembleront de crainte:

31 1131 1156 110 Car l’Eternel, par ſa faueur treſſainte,

34 1209 1333 115 Tiendra pour ceux qui droitz ſe trouueront,

274 1290 497 100 Et l’aymeront.

41 1432 1073 96 Hà malheureux, vous vous eſtudiez

39 1505 1148 115 A vous moquer de l’intention bonne,

31 1586 1219 123 Que l’Immortel au poure affligé donne,

31 1664 1206 133 Pource qu’ilz ſont ſur luy tous appuyez,

224 1748 356 97 Et en riez.

31 1855 944 128 O qui & quand de Sion ſortira

28 1960 1101 109 Pour Iſrael ſecours en ſa ſouffrance?

31 2038 1355 125 Quand Dieu mettra ſon peuple à deliurance,

28 2122 910 112 De ioye adonc Iſrael iouyra,

256 2195 350 115 Iacob rira.

606 2354 298 73 Argument.

102 2391 1365 125 Ce Pſeaume chante de quelles mœurs doyuent eſtre

34 2459 959 154 ornez les vrays citoyens des cieux.
