1912 3136
378 375 226 233 Q

609 177 685 107 PSEAVME XV.

687 258 803 118 Domine quis habitabit.

585 381 777 89 Vi eſt-ce qui conuerſera,

583 457 939 94 O Seigneur, en ton tabernacle?

619 535 730 100 Et qui eſt celuy qui ſera

379 616 928 107 Si heureux, que par grace aura

379 689 1036 126 Sur ton ſaint mont ſeur habitacle?

376 828 782 102 Ce ſera celuy droitement

379 917 944 94 Qui va rondement en beſoigne,

384 993 926 109 Qui ne fait rien que iuſtement,

376 1081 908 97 Et dont la bouche apertement

384 1149 949 115 Verité en ſon cœur teſmoigne.

384 1290 957 115 Qui par ſa langue point ne fait

374 1366 1001 115 Rapport, qui los d’autruy efface:

381 1450 950 107 Qui à ſon prochain ne meffait,

381 1526 850 107 Qui auſſi ne ſouffre, de fait,

387 1604 1062 118 Qu’opprobre à ſon voiſin on face.

374 1719 897 105 Ce ſera l’homme contemnant

374 1805 774 105 Les vicieux, auſſi qui priſe

371 1894 1119 94 Ceux qui craignent le Dieu regnant:

371 1967 879 84 Ce ſera l’homme bien tenant

371 2033 1070 120 (Fuſt-ce à ſon dam) la foy promiſe.

379 2156 735 96 Qui à vſure n'entendra,

371 2234 860 99 Et qui ſi bien iuſtice exerce,

376 2333 997 89 Que le droit d’autruy ne vendra:

374 2396 789 102 Qui charier ainſi voudra,

376 2461 1046 168 Craindre ne faut que iamais verſe,

1370 2542 141 134 Ar¬
