1912 3136
598 135 845 126 PSEAVME XVIII.

381 209 1128 135 Feu aſpre iſſoit de ſa bouche allumée

381 310 1081 108 Si enflambé en ſon courage eſtoit,

387 376 1307 120 Qu'ardens charbons de toutes pars iettoit.

381 465 1146 104 Baiſſa le ciel, de deſcendre print cure,

387 530 1187 123 Ayant ſouz piedz vne brouée obſcure:

384 624 1130 118 Monté eſtoit ſur vn eſprit mouuent,

387 702 1124 136 Volloit guindé ſur les ailes du vent,

384 828 1146 133 Et ſe cachoit dedans les noires nues,

379 922 1195 110 Pour tabernacle autour de luy tendues.

376 1000 1075 126 En fin rendit, par ſa grande clarté,

374 1084 939 99 Ce gros amas de nues eſcarté.

374 1147 1231 128 Greſſe iettant, & charbons vifz en terre.

384 1230 1295 126 Au ciel menoit l’Eternel grand tonnerre,

381 1319 1209 113 L’Altitonnant ſa voix groſſe hors mit,

384 1395 1133 154 Et grelle & feu ſur la terre tranſmit:

387 1510 1388 139 Lança ſes dardz, rompit toutes leurs bandes,

389 1615 1426 120 Doubla l’eſclair, leur donna frayeurs grandes.

389 1690 1112 115 A ta menaſſe, & du fort vent pouſſé,

387 1756 1300 120 Par toy, Seigneur, en ce poinct courroucé,

394 1852 1123 100 Furent canaux deſnuez de leur onde,

394 1918 1245 128 Et deſcouuers les fondemens du monde.

402 2004 1094 120 Sa main d’enhaut icy bas me tendit,

394 2082 1214 139 Et hors des caux ſain & ſauf me rendit.

394 2197 1167 147 Me recourut des puiſſans & hauſaires

400 2289 1253 130 (Et plus que moy renforcez) aduerſaires.

400 2378 1132 112 A mes dangers il preueut & preuint,

408 2446 1370 188 Quand il fut temps ſecours de Dieume vint.

1647 2540 126 122 Me
