1912 3136
326 114 845 163 PSEAVME XVIII.

73 263 1051 129 Me mit au large, & ſi fit entrepriſe

73 347 1012 120 De me garder, car il me fauoriſe.

68 423 993 117 Or m’a rendu ſelon mon equité,

65 504 996 125 Et de mes mains ſelon la purité.

60 614 1192 149 Car du Seigneur i'auoys ſuiuy la voye.

65 721 1190 102 Ne reuolté mon cœur de luy n’auoye:

60 799 1336 128 Ains touſiours eu deuant l’œil tous ſes ditz,

60 883 1043 112 Sans reietter vn ſeul de ſes edictz,

62 953 1143 123 Si qu’enuers luy entier en tout affaire

73 1034 1276 131 Me ſuis monſtré, me gardant de mal faire.

57 1110 1004 113 Or m’a rendu ſelon mon equité,

54 1186 1023 133 Et de mes mains ſelon la purité.

68 1296 1430 164 * Certes Seigneur, qui fais telles mes œeuures,

81 1411 1310 117 Au bon tresbon, pur au pur, te deſcœuures:

81 1484 878 128 Tu es entier à qui entier ſera,

54 1554 942 136 Et defaillant à qui failly aura.

47 1638 1198 136 Les humbles viure en ta garde tu laiſſes

41 1716 1170 131 Et les ſourcilz des braues tu rabaiſſes.

39 1797 1166 136 Auſſi, mon Dieu, ma lanterne allumas,

39 1873 986 149 Et eſclaire en tenebres tu m’as.

36 1999 1120 130 Par toy donnay à trauers la bataille,

34 2093 1231 115 Mon Dieu deuant, ie ſautay la muraille:

34 2174 1137 130 C’eſt l’Eternel qui entier eſt trouué,

34 2252 1190 133 Son parler eſt, comme au feu, eſprouué

31 2328 1119 120 C’eſt vn bouclier de forte reſiſtance

36 2409 1203 133 Pour tous ceux là qui ont en luy fiance.

26 2480 1117 149 Mais qui eſt Dieu, ſinon le Supernel?

1093 2579 193 117 C 2
