1912 3136
483 177 850 107 PSEAVME XVIII.

381 256 1065 149 Ou, qui eſt fort ſi ce n’eſt l’Eternel?

381 384 1130 122 De hardieſſe & force il m'enuironne,

381 478 1120 115 Et ſeure voye à mes empriſes donne:

381 548 1311 126 Mes piedz à ceux des cheureux fait egaux,

381 637 1151 102 Pour monter lieux difficiles & hautz:

379 702 1198 131 Ma main par luy aux armes eſt appriſe,

381 789 1141 125 Si que du bras vn arc d’acier ie briſe.

379 883 1101 94 De ton ſecours l’eſcu m’as apporté,

379 946 1161 135 Et m’a tà dextre au beſoing ſupporteé.

384 1076 1271 128 Ta grand' bonté, ou mon eſpoir mettoye,

374 1176 1292 101 M’a fait plus grand encor' que ie n’eſtoye:

374 1246 1263 112 Preparer vins mon chemin ſouz mes pas,

376 1330 1235 117 Dont mes talons gliſſans ne furent pas:

376 1408 1266 115 Car ennemis ſeu pourſuyure & attaindre,

379 1484 1208 104 Et ne reuins ſans du tout les eſteindre,

379 1568 1266 99 Durer n’ont peu, tant bien les ay ſecoux,

384 1641 1248 133 Ains à mes piedz trebucherent de coups.

389 1792 1002 128 Circuy m'as de belliqueuſe force,

389 1876 1308 125 Ployant ſouz moy qui m’enuahir ſ’efforce.

394 1957 1091 115 Tu me monſtras le dos des ennemis,

389 2033 1054 128 Et mes hayneux i’ay en ruyne mis:

394 2114 1308 128 Ilz ont crié, n’ont eu ſecours quelconques,

394 2197 1185 121 Meſmes à Dieu, & ne les ouyt onques.

394 2270 1238 126 Comme la poudre au vent les ay renduz,

394 2346 1162 131 Et comme fange en la place eſtenduz.

400 2487 1041 160 Deliuré m’as du mutin populaire.

1755 2563 109 99 Et
