1912 3136
368 172 843 115 PSEAVME XVIII.

65 274 1135 110 Et t'a pleu chef des nations me faire,

70 358 1227 122 Voire le peuple à moy peuple incogneu,

62 441 1086 102 Souz mon renom obeir m’eſt venu.

62 506 1258 115 Maintz eſtrangers par ſeruile contrainte

62 590 1224 99 M’ont fait honneur d’obeiſſance fainte,

60 663 1289 128 Maintz eſtrangers redoutans mes effortz,

57 750 1227 104 Eſpouantez, ont tremblé en leurs fortz.

65 883 1316 117 Viue mon Dieu, à mon Sauueur ſoit gloire,

60 959 1075 107 Exalté ſoit le Dieu de ma victoire,

70 1047 1185 110 Qui ma donné pouuoir de me venger,

54 1123 1232 118 Et qui ſouz moy les peuples fait renger:

65 1202 1229 109 Me garentit qu’ennemis ne me greuent,

70 1277 1253 110 M’eſleue haut ſur tous ceux qui ſ’eſleuent

62 1356 1128 110 Encontre moy, me deliurant à plain

60 1432 1362 122 De l’homme, ayant le cœur d’outrage pleln.

54 1568 1405 120 Pourtant, mon Dieu, parmy les gens eſtranges

60 1662 1137 99 Te beniray en chantant tes louanges

41 1737 1125 110 Ce Dieu, ie dy, qui magnifiquement

49 1816 1067 110 Sauua ſon Roy, & qui vniquement

41 1886 1345 115 Dauid ſon oingt, traite en grande clemence,

54 1965 1217 112 Traittant de meſme à iamais ſa ſemence.

617 2103 327 86 Argument.

128 2148 1362 109 II monſtre par Ie merueilleux ouurage des cieux.

34 2216 1456 107 combien Dieu eſt puiſfant: Ioue & exalte la Loy diui¬

34 2284 1446 115 ne; & en fin prie le Seigneur quil le preſerue de peché,

34 2354 708 107 afin de luy eſtre agreable.

444 2427 644 94 PSEAVME XIX.

272 2495 936 196 Cœli enarrant gloriam Dei.

1088 2589 185 131 C 3
