1912 3136
635 172 785 115 PSEAVME XXII.

410 248 1093 146 Leur confiance ilz ont ſur toy aſſiſe,

413 342 1067 128 Et tu les as de captifz en franchiſe,

622 418 568 125 Touſiours boutez.

483 559 1065 138 A toy crians, d’ennuy furent oſtez:

405 635 1023 138 Eſperé ont en tes ſaintes bontez,

410 716 1005 138 Et ont receu, ſans eſtre reboutez,

622 802 583 130 Ta grace prompte.

405 938 1323 149 Mais moy, ie ſuis vn ver qui rien ne monte,

397 1019 1454 146 Et non plus homme, ains des hommes la honte:

394 1092 1219 151 Et plus ne ſers que de fable & de compte

591 1181 486 107 Au peuple bas.

470 1340 1258 133 Chaſcun qui voit comme ainſi tu m’abas,

392 1411 1221 125 De moy ſe moque, & y prent ſes esbas,

400 1492 1260 128 Me font la moué: & puis haut, & puis bas,

609 1575 560 123 Hochent la teſte.

384 1722 1187 130 Puis vontdiſant: Il ſ'appuye & ſ'arreſte

387 1813 1211 126 Du tout ſur Dieu, & luy fait ſa requeſte:

387 1886 1378 134 Donc qu’il le ſauue, & que ſecours luy preſte,

596 1970 497 118 S’il l’ayme tant.

457 2119 1222 128 Si m’as-tu mis hors du ventre pourtant:

381 2203 1128 112 Cauſes d’eſpoir tu me fus apportant,

381 2284 1167 120 Dez que i’eſtois les mammelles tetant

588 2365 557 104 De ma nourrice.

384 2493 1114 172 Et, qui plus eſt, ſortant de la matrice

1451 2618 128 120 Me
