1912 3136
324 167 813 78 PSEAVME XXII.

34 261 1111 91 Me recueillit ta ſainte main tutrice:

36 329 1256 112 Et te monſtras eſtre mon Dieu propice,

232 410 591 104 Dez que fuz né.

104 538 1198 123 Ne te tiens donc de moy ſi deſtourné:

28 635 1073 94 Car le peril m’a de pres adiourné:

31 705 1132 118 Et n’eſt aucun par qui me ſoit donné

243 797 573 94 Secours ne grace.

34 917 1331 128 Maint gros toreau m'enuironne & menace:

31 1016 1214 105 Les gros toreaux de Baſan terre graſſe,

31 1097 1216 110 Pour m’aſſieger m’ont ſuiuy à la trace,

235 1183 549 102 En me preſiant.

117 1309 1080 107 Et tout ainſi qu'vn Lion rauiſſant,

41 1395 1122 107 Apres la proye en fureur rugiſſant,

36 1486 1222 102 Ilz ont ouuert deſſus moy languiſſant,

235 1565 659 104 Leur gueule gloute.

28 1693 1287 118 Las, ma vertu, comme eau ſ'eſcoule toute,

26 1787 1169 102 N’ay os qui n’ait la iointure diſſoute:

26 1860 1336 128 Et comme cire en moy fond goute à goute,

235 1952 649 91 Mon cœur faſché.

39 2088 1321 109 * D'humeur ie ſuis comme tuille aſſeché

28 2179 1122 105 Mon palais eſt à ma langue attaché,

31 2255 1394 117 Tu m’as fait preſt d’eſtre au tombeau couché,

219 2338 599 108 Reduit en cendre.

28 2459 1428 177 Car cireuy m’ont les chiens pour me prendre:
