1912 3136
682 188 808 107 PSEAVME XXII.

460 256 1179 146 La fauſe trouppe eſt venue m'offendre,

465 360 1201 123 Venue elle eſt me tranſpercer, & fendre

661 444 615 115 Mes piedz & mains.

538 574 1211 121 Conter ie puis mes os du plus au meins:

457 650 1138 128 Ce que voyant les cruelz inhumains,

462 736 1253 129 Tous reſiouiz me iettent regardz maintz,

656 820 348 115 Auec riſée.

452 946 1172 135 Ia ma deſpouille entre eux ont diuiſée,

452 1034 1046 123 Entre eux deſia ma robbe depoſée,

449 1118 1047 115 Ilz ont au ſort hazardeux expoſée

653 1204 406 110 A qui l’aura.

523 1330 1218 123 Seigneur, ta main donc ne ſ'eſloignera:

449 1424 1115 96 Ains par pitié, ſecours me donnera:

447 1486 881 123 Et ſ’il te plait, elle ſe haſtera,

653 1575 673 118 Mon Dieu, ma force.

444 1703 1156 131 Sauue de glaiue, & de mortelle eſtorce

442 1792 1326 126 Mon ame, helas, que de perdre on ſ’efforce:

442 1876 1205 120 Deliure la, que du Chien ne ſoit morſe,

643 1965 466 94 Chien enragé.

512 2090 926 123 Du Leonin goſier encouragé,

434 2171 996 105 Deliure moy: reſpons à l’affligé,

439 2255 1138 120 Qui eſt par grands Licornes aſſiegé,

640 2336 605 110 Des cornes d’elles.

434 2451 975 110 Si conteray à mes freres fideles

444 2532 1376 146 Ton Nom treſ-haut, tes vertuz immortelles,

1775 2608 123 117 Di¬
