1912 3136
374 146 808 110 PSEAVME XXII.

28 229 1094 126 Diray parmy les aſſemblées belles,

235 313 431 110 Parlant ainſi:

31 436 1258 133 Vous craignans Dieu confeſſez le ſans ſi,

36 533 971 109 Filz de Iacob, exaltez ſa mercy,

31 606 1138 120 Crains le touſiours toy d’Iſrael auſſi,

238 697 496 115 La race entiere.

31 820 1166 120 Car rebouté n’a l’humble en ſa priere,

31 909 1112 118 Ne deſtourné de luy ſa Face arriere:

31 987 907 128 S’il a crié, ſa bonté ſinguliere

227 1066 387 112 L’a exaucé.

104 1191 1062 133 Ainſi ton los par moy ſera hauſſé

36 1283 1248 112 En grande troupe, & mon vœu ia dreſſé

39 1356 1224 128 Rendray deuant le bon peuple amaſſé,

261 1447 617 115 Qui te craint Sire.

34 1575 1061 121 Là mangeront les poures à ſuffire,

31 1662 1180 104 Benira Dieu, qui Dieu craint & deſire.

34 1743 1166 109 O vous ceux là ſans fin, ie le puis dire,

238 1826 632 115 Voz cœurs viuront.

102 1967 1080 110 Cela penſant, tous ſe conuertiront

34 2054 1258 115 Les boutz du monde, & à Dieu ſeruiront:

34 2137 1331 131 Brief, toutes gens leurs genoux fleſchiront

248 2218 528 120 En ta preſence.

39 2365 1166 101 Car ilz ſauront qu’à la Diuine eſſence

47 2453 1232 170 Seule, appartient Regne & magnificence:

1299 2534 204 89 Dont
