1912 3136
614 175 850 128 PSEAVME XXIII.

397 258 1201 147 Dont ſur les gens ſeras, par excellence,

591 350 546 109 Roy conquerant.

468 488 1135 136 Gras & repeuz te viendront adorant,

384 561 1067 123 Voire le maigre à la foſſe courant,

384 648 1096 120 Et dont la vie eſt hors de reſtorant,

596 729 541 102 Te donra gloire.

381 865 1122 130 Puis leurs enfans à te ſeruir & croire,

379 940 1064 126 S'enclineront, & en tout territoire,

374 1021 1020 113 De filz en filz il ſera fait memoire

572 1110 555 107 Du tout puiſſant.

455 1249 1352 128 Touſiours viẽdra queleun d’ẽtre eux yſſant,

371 1335 1156 118 Lequel au peuple, à l’aduenir naiſſant,

374 1411 1033 138 Ira par tout ta bonté annonçant,

564 1492 552 109 Sur moy notoire.

941 1620 327 99 Argument.

423 1690 1397 110 Il chante les biens, & ia felicité quil a, & dvne mer¬

366 1774 1467 110 ueilleuſe fiance ſe promet, que Dieu, duquel ce bien

366 1837 1148 104 Iuy vient, le traittera touſiours de meſmes.

687 1899 793 142 PSEVAME XXIII.

627 1988 908 139 Dominus regit me, & nihil.

572 2088 1253 125 On Dieu me paiſt ſouz fa puiſſãce haute:

600 2187 1215 102 C’eſt mõ berger, de riẽ ie n’auray faute.

358 2263 1441 109 En tect bien ſeur, ioignant les beaux herbages

358 2333 1391 113 Coucher me fait, me meine aux clairs riuages:

374 2409 1226 99 Traite ma vie en douceur treshumaine,

355 2480 1473 156 Et pour ſon Nom par droitz ſentiers me meinez

371 2153 201 122 M

1721 2587 75 149 Si
