1912 3136
295 156 913 107 PSEAVME XXIIII.

28 235 1279 115 Si ſeurement que quand au val viendroye

39 324 1349 107 D’ombre de mort, rien de mal ne craindroye:

34 399 1116 94 Car auec moy tu es à chaſcune heure:

36 470 1164 104 Puis ta houlette & conduite m’aſſeure.

28 546 1020 109 Tu enrichis de viures neceſſaires

28 624 1324 115 Ma table, aux yeux de tous mes aduerſaires.

28 760 1423 110 Tu oings mon chef d’huiles & ſenteurs bonnes,

31 844 1292 115 Et iuſqu’aux bordz pleine taſſe me donnes:

31 919 1148 121 Voire & feras que ceſte faueur tienne,

34 1003 1192 107 Tant que viuray compagnie me tienne:

31 1076 1135 113 Si que touſiours de faire ay eſperance

31 1157 1187 107 En la maiſon du Seigneur demourance.

604 1311 300 87 Argument.

75 1340 1402 123 Dauid fit ce Pſeaume, pour dire quand on ameneroit

5 1421 1457 149 lArche, ou habitoit la diuinité, dedans le Temple que

13 1494 627 92 Salomon deuoit faire.

340 1570 813 126 PSEAVME XXIIII.

219 1662 1002 117 Domini eſt terra & plenitudo.

172 1745 955 154 A terre au Seigneur appartient,

177 1858 1062 125 Tout ce qu’en ſa rondeur contient,

31 1931 853 94 Et ceux qui habitent en elle.

86 1999 970 115 Sur mer fondement luy donna,

34 2085 761 97 L’enrichit, & l'enuironna

18 2158 842 107 De mainte riuiere tresbelle.

20 2268 1083 154 Mais ſa Montagne eſt vn ſainct lieu:

7 2391 1088 112 Qui viendra donc au mont de Dieu?

20 2459 955 149 Qur eſt-ce qui là tiendra place?

7 1881 142 84 L
