1912 3136
609 177 900 107 PSEAVME XXIIII.

455 248 1014 138 L’homme de mains & cœur laué,

392 331 714 108 En vanitez non eſleué,

389 405 798 109 Et qui n’a iuré en fallace.

389 561 887 94 L’homme tel, Dieu le benira:

392 640 868 91 Dieu ſon Sauueur le munira

389 705 900 99 De miſericorde & clemence.

389 784 782 96 Telle eſt la generation

379 862 949 97 Cerchant, cerchant d'affection

376 946 944 107 Du Dieu de lacob la preſence.

376 1074 1039 125 Hauſſez voz teſtes grans portaux,

371 1165 1010 107 Huys eternelz, tenez vous hautz:

371 1246 876 102 Si entrera le Roy de gloire.

465 1319 921 115 Qui eſt ce Roy tant glorieux?

371 1398 923 99 C’eſt le fort Dieu victorieux,

368 1473 1269 128 Le plus fort qu’en guerre on peut croire.

366 1607 1038 112 Hauſſez voz teſtes grans portaux,

368 1703 1013 105 Huys eternelz, tenez vous hautz:

363 1779 866 107 Si entrera le Roy de gloire.

462 1871 905 99 Qui eſt ce Roy tant glorieux?

360 1941 887 100 Le Dieu d’armes victorieux,

363 2017 1020 118 C’eſt luy qui eſt le Roy de gloire.

915 2137 311 89 Argument.

421 2197 1391 100 Icy lhomme preſſé de ſes pechez, & de la malice de

353 2273 1446 97 ſes ennemiz, prie le Seigneur Dieu pour ſoy, & gene¬

353 2346 810 92 ralement pour tout le peuple.

719 2427 730 89 PSEAVME XXV.

732 2500 758 131 Adte Domine leuaui.

1522 2576 65 196 A
