1912 3136
515 175 876 125 PSEAVME XXXII.

374 287 776 97 Preſerue de leur embuche

287 368 722 110 Ma vie, & deliure moy,

292 452 824 104 Qu’à honte ie ne trebuche,

287 530 850 139 Puis que i’ay eſpoir en toy.

279 650 769 126 Que ma ſimple integrité

277 744 1072 113 (Comme à l'vn des tiens) me ſerue,

274 825 644 107 Et de toute aduerſité

274 901 678 141 Iſrael tire & conſerue.

810 1021 312 115 Argument.

334 1105 1381 104 Dauid puny par maladie, pour ſon peché, chante que

264 1173 1443 102 heureux ſont ceux, qui par leur coulpe ne tõbent point

266 1241 1452 97 en linconuenient ou il eſt: confeſſe ſon peché. Dieu,

264 1306 1425 120 luy pardonne: enhorte les mauuais à bien viure, & les

266 1372 502 120 bons à ſe reſiouir.

562 1473 863 105 PSEAVME XXXII.

397 1568 1190 146 Beati quorum remiſſæ ſunt iniquit.

447 1693 1145 97 Bienheureux celuy, dont les commiſes

452 1771 1159 110 Tranſgreſſions, ſont par grace remiſes,

266 1847 1005 97 Duquel auſſi les iniques pechez.

264 1918 1226 115 Deuant ſon Dieu ſont couuers & cachez!

264 2074 1177 92 O combien plein de bon heur ie repute

261 2140 1394 99 L'hõme, à qui Dieu ſon peché point n’impute,

266 2226 1086 99 Et en l’eſprit duquel n’habite point

264 2297 1213 104 D'hypocriſie & de fraude vn ſeul point!

342 2451 1266 94 Durant mon mal, ſoit que vinſe à me taire,

274 2521 1201 152 Las de crier, ſoit que me prinſe à braire,

269 1699 159 166 O

1299 2602 105 97 Et
