1912 3136
530 180 691 112 PSEAVME III.

329 263 1342 121 Du Seigneur Dieu ſeruiteurs rendez vous,

251 347 1331 120 Craignez ſon ire, & luy vueillez complaire:

251 428 1150 115 Et d’eſtre à luy vous reſiouiſſez tous,

248 504 1271 136 Ayans touſiours crainte de luy deſplaire.

256 640 1363 130 Faites hommage au Filz qu’il vous enuoye,

258 744 1078 102 Que courroucé ne ſoit amerement:

253 810 973 112 Afin auſſi que de vie & de voye

253 888 1086 123 Ne periſſiez trop malheureuſement.

329 1029 1206 110 Car tout à coup ſon courroux rigoreux

253 1105 1216 118 S’embraſera qu’on ne ſ’en donra garde.

258 1189 1259 109 O combien lors ceux là ſeront heureux,

266 1267 1107 120 Qui ſe ſeront mis en ſa ſauuegarde!

836 1413 322 97 Argument.

340 1466 1391 107 Dauid aſſailly dvne groſſe armée, ſeſtonne du com

261 1531 1470 115 mencement, puis prend vne ſi grande fiance en Dieu.

274 1604 1311 115 quapres lauoir imploré il ſaſſeure de la victoire.

685 1690 609 107 PSEAVME III.

444 1777 1080 135 Domine, quid multiplicati ſunt.

447 1889 669 133 Seigneur que de gens

455 1978 538 104 A nuire diligens,

272 2051 944 112 Qui me troublent & grieuent!

261 2129 840 118 Mon Dieu que d’ennemis,

269 2216 881 117 Qui aux champs ſe ſont mis,

264 2302 824 110 Et contre moy ſ’eſlieuent!

266 2414 814 136 Certes pluſieurs i'en voy,

279 2521 775 136 Qui vont diſant de moy:

253 1892 175 209 O

1462 2639 78 73 Sa
