1141 1507
160 129 556 66 Ie men uouldroye bien mesler/

159 183 484 58 Ien ay ouy souuent parler/

154 233 613 58 Mais en nul tẽps ie n en uis poĩt.

348 275 237 56 Inspiration.

158 320 559 60 Ie croy que ne mentendez point

150 366 519 57 Chrestiente/ ma doulce soeur/

154 411 534 64 Ie scay ung medecin fort seur

153 460 546 61 Qui bien uostre mal guarira.

346 508 221 57 Chrestiente.

149 551 518 59 Bien/ son le uoit on luy dira

150 600 598 66 Que droit sen uoise a la boyteuse.

343 646 242 59 Inspiration.

147 691 446 61 Uoicy une chose piteuse/

147 739 424 57 Chrestiente sans fiction

147 789 472 57 N entend plus inspiration/

145 833 429 52 Elle na plus de charite/

150 879 469 57 De foy/ despoir/ de uerite/

147 924 448 53 Tant est oubliee de sens:

145 969 582 62 Il uault mieulx a ce que ie sens

144 1018 504 56 Me retirer pour son moleste/

145 1064 469 57 Deuers le medecin celeste:

140 1110 572 59 Car luy seul a ce peult pouruoir.

333 1157 434 61 Laueugle. Pausa.

143 1203 538 59 Dame ie suis venu pour voir

141 1249 586 62 Sil uous plaira/ en Iesus christ

141 1299 545 68 Me donner du pain ung petit/

657 1346 96 49 C .ii.
