4267 6025
2216 517 518 211 Fueil .lxi.

1081 555 707 168 Rondeaulx.

371 2036 385 384 D

358 699 2297 198 Mais a uous ueoir (ou lon me puisse pendre)

361 846 2288 184 Il semble aduis qu'on ne uous uueille rendre.

358 984 2431 164 Ce qu'on uous doibt: beau Sire ne uous chaille.

355 1101 2100 187 Quand ie seray plus garny de cliquaille,

358 1231 2204 194 Uous en aurez: mais il uous fault attendre

1108 1358 834 181 Ung bien petit.

736 1593 1936 204 Du Disciple soustenant son Maistre

1098 1753 1239 181 contre les Detracteurs.

753 1968 1920 211 U premier coup, entendez ma response

763 2113 2287 186 Folz Detracteurs, mon Maistre uous annõce

766 2249 2264 181 Par moy, qͥ suis l'un de ses Clercs nouueaulx.

378 2389 2492 168 Que pour rimer ne uous craint deux Naueaulx.

375 2510 1969 191 Et eussiez uous de sens encor une once.

391 2751 2157 187 Si l'espargnez, tous deux ie uous renonce:

395 2895 2448 171 Pic quez le donc mieulx que d'Espine, ou Ronce,

388 3029 2211 180 Luy enuoyant des meilleurs, ⁊ plus beaulx

1158 3149 942 178 Du premier coup.

395 3283 1919 164 Et tenez bon, ensuyuant ma semonce,

405 3410 2247 164 Car si ung coup ses deux Sourcilz il fronce,

401 3534 2070 168 Et eussiez uous de Rimes, ⁊ Rondeaulx

418 3655 2408 177 Plein trois Barrilz, uoire quatre Tonneaulx,

418 3785 2087 181 Ie ueulx mourir, s'il ne les uous deffonce

1168 3922 938 185 Du premier coup.

800 4157 1933 194 De celluy, qui incite une ieune Dame

1426 4294 700 187 a faire Amy.

827 4532 2016 190 Mon plaisir bo◊sfaictes feu, et basme,

830 4682 2144 164 Parquoy souuent ie m'estonne ma Dame,

841 4805 2254 167 Que uous n'auez quelcque Amy par amours?

438 4930 1996 174 Au Diable l'ung, qui fera ses clamours

448 5061 2191 217 Pour uous prier, quand serez uieille lame.

442 4586 384 371 A
