4267 6188
1268 488 2665 185 (mes freres, ⁊ uous aultres nobles Lecteurs) si aulcun

1268 618 2672 196 mauluais Exẽple (d'aduẽture) en lisant se presentoit

1272 742 2654 196 deuant uoz yeux, que uous luy fermiez la porte de uoz

1272 866 2644 192 uoulentez: ⁊ que le pis, que uous tirerez de ce Liure,

1282 996 2641 193 soit passetemps. Esperant, de brief uous faire offre de

1272 1134 2640 179 mieulx: ⁊ pour arres de ce mieulx, desia ie uous metz

1261 1247 2658 193 en ueue, apres l' Adolescence, Ouurages de meilleure

1265 1371 2661 193 trempe, ⁊ de plus polie estoffe: mais l'Adolescence ira

1268 1505 2655 186 deuant: ⁊ la commencerons par la premiere Eglo¬

1275 1622 2634 196 gue des Bucoliques Uirgilianes, translatée (certes)

1265 1749 2651 189 en grande ieunesse: comme pourrez en plusieurs sortes

1261 1873 2655 206 congnoistre: mesmement par les couppes femenines:

1378 1997 2397 196 lesquelles ie n'obseruois encor alors: dont Ian

1502 2124 2132 186 le Maire de Belges (en les m'apprenant)

1602 2262 1908 196 me reprint. Et Adieu freres tresaymez:

1794 2382 1554 196 lequel ardamment ie supplie

1897 2523 1335 161 uous donner, ⁊ continuer

2018 2647 1073 182 sa grace. De Paris.

2214 2777 691 158 ce douziesme

2334 2891 454 178 d'Aoust.

2337 3011 376 186 1530.
