4267 6050
2498 336 666 201 Fueil .lxuiii.

998 336 673 161 Rondeaulx.

206 2100 278 360 E

208 473 2038 216 Me refroidist soubz chaleur uehemente,

907 625 706 158 En esperant.

205 729 1852 202 L'enfant aussi, qui surmonte le pere,

205 873 2289 182 Bande ses yeulx, pour ueoir mon impropere:

201 988 2028 196 De moy s'enfuyt, ⁊ iamais ne s'absente,

208 1129 2024 185 Mais sans bouger ua en obscure sente

215 1263 2222 205 Cacher mon dueil, affin que mieulx appere,

884 1394 713 172 En esperant.

675 1576 1749 262 Aux amys, ⁊ seurs de feu Glaude

1018 1778 1046 218 Perreal Lyonnoys.

494 1961 1851 272 N grand regret, si pitie uous remord.

489 2167 1861 162 Pleurez l'amy Perre al, qui est mort,

509 2273 2133 192 Uous ses amys: chascun prenne sa plume:

225 2426 1984 178 La mienne est preste, ⁊ bon desir l'alume

228 2557 1678 195 A deplorer (de sa part) telle mort.

232 2789 2471 209 Et uous ses seurs, dont maint beau tableau sort.

238 2937 2277 182 Paindre uous fault pleurantes son grief sort

235 3065 2101 205 Pres de la tombe, en laquelle on l'inhume

917 3206 908 178 En grand regret.

245 3445 2014 195 Regret me'n blesse, ⁊ si scay bien au fort,

255 3582 1991 189 Qu'il fault mourir, ⁊ que le desconfort

255 3717 2283 185 (Soit court, ou long ny sert que d'amertume:

252 3855 2084 168 Mais uraye amour, est de telle coustume,

258 3982 2129 185 Ou elle contrainct les amys plaindre fort.

924 4103 922 185 En grand regret.

1015 4349 1184 171 Du Uendredy sainct.

660 4603 2103 186 Ueil, ou plaisir me fault auoir sans cesse:

660 4749 2189 181 Dueil, quant ie uoy (ce iour plein de rudesse)

675 4875 2240 222 Mon Redẽpteur pour moy en la croix pẽdre:

277 4638 406 403 D

2284 5001 313 191 i .iiii.
