4267 5983
1272 942 280 439 L

1662 611 1830 180 A monsieur de Pothon, pour le prier

2135 747 898 163 de parler au Roy.

1577 947 1821 194 A ou scauez, sans uous ne puis uenir,

1572 1101 1661 165 Uous estes cil, qui pouez subuenir

1273 1349 1936 170 Et des heureux de ce Monde me faire,

1587 1236 1626 160 Facilement a mon cas, et affaire,

1303 1482 2205 193 Sans qu'aulcun mal uons en puisse aduenir.

1277 1711 1895 173 Quand ie regarde, et pense a laduenir,

1310 1851 1616 163 Hay bon uouloir de sage deuenir:

1280 1974 2069 173 Mais sans support ie ne me puis retraire,

1280 2210 1736 176 Male Fortune a uoulu maintenir,

2042 2104 688 139 La ou scauez.

1273 2343 1577 163 Et a iuré de tousiours me tenir:

1287 2466 2304 173 Mais (Monseigneur) pour l'occire, ⁊ deffaire,

1283 2595 2059 170 Enuers le Roy uueillez mon cas parfaire,

1307 2718 1726 173 Si que par uous ie puisse paruenir,

2012 2841 718 177 La ou scauez.

1912 3054 1343 216 De la mort de Monsieur

2281 3200 605 203 de Chissay.

1656 3423 2231 213 'Ung coup d'estoc Chissay noble homme, ⁊ sort

1646 3579 1927 175 Lan dix et sept soubz malheureux effort

1283 3822 2049 183 Par Pomperan: qui de Boucal, et Lorge

1651 3699 2057 194 Tomba occis au Moys qu'on seme Lorge

1270 3948 1869 213 Fut fort blessé, quoy qu'il resistat fort.

1270 4184 1992 180 Chissay beau, ieune, en credit, ⁊ support

1273 4327 1846 150 Feit son debuoir au combat, ⁊ abord,

1273 4447 2026 186 Mais par hazart fut frappé en la Gorge

1273 4686 2132 180 Dont ung chascun de dueil ses leures mordz

2025 4573 931 146 D'un coup d'estoc.

1270 4819 2092 223 Disant helas l honneste homme est il mort?

1287 3440 339 409 D
