4267 6038
2589 308 577 208 Fueil. lxx.

1006 311 661 165 Rondeaulx.

223 2047 257 388 P

241 469 2291 198 Mais du seul Gris ie t'ay uoulu pourueoir,

241 603 2435 208 Dont sont uestuz plusieurs humains, qui uiuent.

912 737 983 168 Soubz Esperance.

241 862 1741 171 Recoy le donc, ⁊ uueilles perceuoir

241 979 1989 198 Que les tendans a leurs desirs se ueoir

251 1117 2214 187 S'arment de Gris, ⁊ Desespoir ne suiuent:

238 1244 2187 184 Car par luy seul souuent de bien se priuent

241 1385 2425 188 Ceulx qui pour roient mieulx que bien re cepuoir

885 1506 1000 191 Soubz Esperance.

875 1761 1248 191 D'ung lieu de plaisance

488 2022 1957 181 Lus beau, que fort ce lieu ie puis iuger,

493 2153 1977 181 Parquoy le ueulx non pas comparager

478 2284 1705 171 A Ilyon, non a Troye la grande,

248 2405 1952 184 Mais bien au ual tapissé de Lauande,

258 2535 1788 195 Ou s'endormit Paris ieune berger.

248 2774 1845 191 En ce beau lieu Dyane uient loger:

251 2921 1936 178 Ne uueillez donc sur luy faulte songer,

254 3052 1872 178 Car il est tel, comme elle le demande,

912 3183 1057 168 Plus beau, que fort.

261 3307 1909 164 Maintz ennemis le uiennent assieger,

261 3431 1879 181 Dont le plus rude est le Serin legier,

261 3549 2070 194 L'autre le Geay, la Passe, ⁊ la Calande:

261 3686 1986 191 Ainsi la Dame (a qui me recommande)

298 3814 1989 201 S'esbat a ueoir la guerre en son Uerger

925 3951 1060 171 Plus beau, que fort.

546 4172 2040 212 Des Nonnes, qui sortirent du Couuent

1049 4330 1074 188 pour aller se recreer.

639 4473 2304 297 Ors du Couuent laultrehyer soubz la Coul¬

761 4719 349 165 drette,

644 4820 1997 292 Ie rencontray mainte Nonne proprette,

291 4619 343 508 H
