4267 6038
2086 472 661 185 Fueil .lxxii.

1063 456 691 171 Rondeaulx.

296 1006 317 402 G

862 617 1456 184 Des trois couleurs, Gris,

1157 754 919 178 Tanne, et Noir.

654 971 2188 201 Ris, Tanne. Noir porte la fleur des fleurs

634 1157 1937 141 Pour sa liurée, auec regretz, et pleurs:

639 1283 2183 176 Pleurs, et regretz en son cueur elle enferme,

291 1395 2292 168 Mais les couleurs, dont ses uestemens ferme

288 1526 2036 178 (Sans dire mot) exposent ses douleurs.

409 1764 2046 178 Car le Noir dit la fermeté des Cueurs:

288 1905 2110 178 Gris le trauail: et Tanne les langueurs:

278 2039 2244 188 Par ainsi cest, Langueur en Trauail ferme,

1036 2173 1080 154 Gris, Tanne, Noir.

281 2287 1973 175 I'ay ce fort mal par elle, et ses ualeurs,

275 2418 2304 188 Et en souffrant ne crains aulcuns malheurs,

275 2552 2073 168 Car sa bonte de mieulx auoir m'afferme:

271 2683 1926 161 Ce nonobstant, en attendant le terme,

275 2807 2113 191 Me fault porter ces trois tristes couleurs,

1016 2938 1067 181 Gris, Tanne, Noir.

751 3176 1634 215 Dung soy deffiant de sa Dame.

568 3441 1651 166 Lus qu'en aultre lieu de la ronde.

558 3577 1751 156 Mon cueur uolle comme l'Aronde

558 3708 1434 176 Uers toy, en prieres, et dictz:

265 3837 1492 154 Mais si asprement lescondis,

261 3961 1671 185 Que noyer le fais en claire unde.

261 4209 1973 168 Dont ne puis croire (ou l'on me tonde)

261 4354 1781 164 Que ton cueur a m'aymer se fonde,

261 4478 1949 171 Quand tous biens me y sont interdictz

1003 4609 1174 164 Plus qu'en aultre lieu.

265 4723 1694 171 Car il n'y a Princesse au Monde,

261 4863 1818 178 Qui m'aymast d'amour si profonde,

258 4991 1382 201 Comme celle que tu me dis,

271 3401 267 448 P
