4267 6012
2081 487 608 177 Fueil .lxui.

1042 460 672 171 Rondeaulx.

290 1002 351 405 U

611 631 1956 195 A celluy dont les lettres Capitales du

972 758 1290 180 Rondeau portent le nom.

661 971 1956 221 Eu ton esprit, qui les aultres surpasse,

661 1167 1941 140 Ie mesbahis comment ie prens audace

666 1292 1916 155 Composer uers. Est ce pour te ualoir,

294 1402 2349 177 Touchant cest art? cest plus tost Bon uouloir,

297 1543 2265 180 Ou franc Desir, qui mon cueur induict a ce.

290 1776 2189 187 Rien n'est mon faict: le tien est don de grace.

284 1927 2048 163 Brief, ta facon en peu de Ryme embrasse

287 2060 2336 177 Raison fort grande, et sans grand peine auoir,

1032 2177 799 174 Ueu ton esprit.

297 2304 1935 167 Or desormais, ie uueil suyure la trasse

277 2434 2025 174 De ton hault sens, duquel la ueine passe

277 2565 1998 170 Entre les Rocz du profond concepuoir.

280 2695 1845 147 A tant me tais, mais si en tel scauoir

280 2818 1942 191 Ueulx ladonner, tu seras loutrepasse,

1045 2949 792 183 Ueu ton esprit.

604 3186 2005 197 A la louange de ma Dame la Duchesse

735 3336 1730 174 d'Alencon, Soeur unique du Roy.

486 3552 2026 205 Ans riens blasmer, ie sers une maistresse,

496 3717 1955 185 Qui toute femme ayant noble haultesse

486 3842 1850 181 Passe en Uertus, et qui porte le nom,

267 3977 1921 167 D'une fleur belle, et en Royal surnom

267 4098 1871 190 Demonstre bien son antique noblesse.

270 4331 1694 194 En Chastete elle excede Lucresse:

273 4485 2035 174 De uif Esprit, de Constance, ⁊ Sagesse

277 4612 2132 187 S'en est l'Enseigne, ⁊ le droit Gouffanon,

1042 4742 1066 167 Sans riens blasmer.

280 4866 1921 167 On pourroit dire, il l'estime sans cesse,

285 5004 2111 241 Pour ce que cest sa Dame, et sa Princesse,

260 3572 216 420 S

2281 5137 298 193 i .ii.
