4267 6062
2131 444 576 199 Fueil .l◊

929 464 694 165 Rondeaulx.

328 2510 379 384 Q

289 609 1559 236 Uous le mect il en la ceruelle?

299 875 1563 206 Uous estes rapporte nouuelle,

296 1013 1586 219 D'aultre chose ne uous meslez,

969 1148 721 175 On le ma dit.

299 1256 1927 229 Mais si plus uous aduient, Meselle,

299 1404 1657 199 Uoz Reins en seront bien gallez:

303 1535 1421 192 Allez de par le Diable, allez,

306 1656 1744 223 Uous n'estes qu'une Maquerelle.

1003 1788 728 185 On le ma dit.

942 2158 1203 212 A ung Porte ignorant.

662 2359 2148 277 U'on meine aux champs ce Coquarbeau,

672 2561 1613 197 Lequel gaste (quand il compose)

717 2647 1790 237 Raison, Mesure, Texte, ⁊ Glose,

353 2818 1731 209 Soit en Ballade, ou en Rondeau.

340 3068 1394 202 Il n'a ceruelle, ne cerueau:

346 3189 1731 205 Cest pourquoy, si hault crier i'ose,

336 3320 2233 229 Qu'on meine aux champs ce Coquardeau.

360 3579 1677 206 S'il ueult rien faire de nouueau,

346 3707 1725 202 Qu'il oeuure hardiment en Prose

363 3829 1937 212 (I'entends s'il en scait quelcque chose)

350 3970 1751 202 Car en Rime ce nest qu'ung beau,

1017 4101 1340 192 Qu'on meine au champs.

730 4448 1947 239 De la ieune Dame, qui a uieil Mary.

647 4692 1799 243 N languissant, ⁊ en griefue tristesse

637 4829 2032 227 Uit mon las cueur, iadis plein de liesse,

673 4970 2041 253 Puis que lon ma donne Mary uieillard.

379 4813 279 420 E
