4267 5983
1307 1440 225 354 S

1340 518 1367 160 La Dame respondit alors,

1343 658 1457 149 Ne faicte plus ceste demande:

1336 777 1351 170 Il est assez maistre du corps,

1330 907 1543 179 Qui a le cueur a sa commande.

2048 1140 752 189 Chanson .uiii.

1549 1386 1843 172 I de nouueau i'ay nouuelles couleurs,

1547 1520 1796 165 Il n'en fault ia prendre esbahissement,

1320 1788 1965 146 Nouuelle amour, ⁊ nouueau pensement:

1542 1660 2031 174 Car de nouueau i'ay nouuelles douleurs,

1317 1897 2045 167 Dueil, ⁊ Ennuy, cest tout lauancement,

1313 2027 1992 166 Oue i'ay encor de uous tant amoureuse:

1320 2150 2055 150 Si uous supply, que mon commencement

1313 2270 1750 183 Cause ne soit de ma fin langoreuse.

1436 2506 2162 192 Pleust or a Dieu (pour fuyr mes malheurs)

1310 2645 2075 157 Que ie uous tinse a mon commandement:

1323 2765 2192 179 Ou pour le moins, que uoz grandes ualeurs

1317 2898 1862 153 Ne fussent point en mon entendement:

1310 3011 2162 173 Car uoz beaulx yeux me plaisent tellement,

1307 3137 2108 170 Et uostre amour me semble tant heureuse,

1313 3264 1896 162 Que ie languis: ainsi uoyla comment,

1310 3393 1902 176 Ce qui me plaist, m' est chose doloreuse,

2021 3599 683 220 Chanson .ix.

1679 3869 1972 192 Uand i'ay pensé en uous ma bien aymée,

1669 4015 1949 176 Trouuer n'en puis de si grande beaulté:

1696 4138 1483 159 Et de uertu seriez plus estimée,

1313 4257 1886 150 Qu'autre qui soit, si n'estoit cruaulté.

1426 4397 1813 156 Mais pour uous aymer loyaulment

1443 4533 1463 133 I'ay recompense de tourment:

1436 4636 1653 167 Toutesfois quand il uous plaira,

1433 4766 1397 203 Mon mal par mercy finera.

1292 3892 389 390 Q
