4267 5983
1237 1879 429 449 M

1260 681 1819 179 Si uous laissez d'Amour le train ioly,

1237 811 1656 176 Uostre beaulte prisonniere rendez:

1273 940 1826 173 Si pour aultruy m'auez mis en oubly,

1243 1056 2046 183 Dieu uous y doint le bien, que y pretendez:

1247 1193 1859 159 Mais si de mal en rien m'apprehendez,

1253 1299 2272 186 Ie ueulx qu'aultant que uous me semblez belle,

1243 1429 2049 229 D'aultant, ou plus uous me soyez cruelle.

1606 1665 725 176 Chanson .xu.

1636 1899 1368 190 A Dame ne ma pas uendu,

1641 2054 1373 164 Elle ma seullement change:

1666 2183 1468 160 Mais elle a au change perdu,

1250 2290 1680 179 Dont ie me tiens pour bien uenge,

1253 2416 1277 173 Car ung loyal a estrange

1260 2536 1593 172 Pour ung aultre, qui la diffame.

1253 2665 1407 200 Nest elle pas legiere femme?

1260 2901 1340 183 Le Noir a quictẽ, et rendu,

1270 3038 1393 169 Le Blanc est d elle desrengẽ.

1263 3157 1154 173 Uiolet luy est deffendu,

1260 3277 1630 183 Point nayme Bleu, ny Orangẽ:

1287 3413 1406 173 Son cueur muable f est renge

1263 3529 1856 193 Uers le Changeant, couleur infame.

1263 3659 1397 219 Nest elle pas legiere femme?

1626 3902 748 203 Chanson .xui.

1412 4128 609 194 Ay contentẽ

1417 4272 694 160 Ma uoulentẽ

1442 4412 753 174 Suffisamment,

1270 4537 615 153 Car iay este

1270 4653 915 179 Damours traicté

1263 4783 769 172 Differemment.

1273 4899 898 209 Iͬay eu tourment,

1257 4163 160 418 I
