4267 6075
1307 1513 289 415 E

1944 664 1266 220 RONDEAUX.

1677 914 1924 230 Rondeau responsif a ung aultre, qui se

1934 1076 1387 189 commenceoit, Maistre Cle

2211 1204 783 179 ment mon bon

2460 1323 321 185 Amy.

1611 1518 1921 213 N ung Rondeau sur le commencement

1606 1680 1921 203 Ung uocatif, comme maistre Clement,

1631 1802 2184 217 Ne peult faillir rentrer par Huys, ou Ports:

1303 1920 2059 206 Aux plus scauans Poëtes m'en rapporte,

1303 2041 1741 220 Qui d'en user se gardent sagement.

1299 2288 2019 209 Bien inuenter uous fault premierement.

1296 2419 1745 183 L'inuention deschiffrer proprement,

1309 2548 1884 195 Si que Raison, ⁊ Ryme ne soit morte

2035 2686 959 172 En ung Rondeau.

1306 2784 1786 192 Usez de motz receuz communement,

1309 2919 1776 182 Rien superflu ny soit aulcunement,

1303 3047 1849 179 Et de la fin quelque bon propos sorte,

1313 3165 2015 203 Clouez tout court, rentrez de bonne sorte,

1316 3307 1641 189 Maistre passé serez certainement

2028 3429 959 202 En ung Rondeau.

1944 3658 911 196 A ung Creancier.

1677 3791 1850 193 N bien petit de pres me uenez prendre,

1671 3925 1920 192 Pour uous payer: ⁊ si debuez entendre,

1667 4050 2037 212 Que ie n'euz onc Angloys de uostre tailles

1313 4164 2110 196 Car a tous coups uous criez baille, baille,

1299 4289 2059 213 Et n'ay de quoy contre uous me deffendre.

1313 4519 1978 209 Sur moy ne fault telle rigueur estendre,

1306 4667 2157 206 Car de pecune ung peu ma bourse est tendre,

1303 4785 1880 230 Et toutesfois i'en ay, uaille que uaille,

2032 4924 786 219 Ung bien petit.

1327 3761 330 410 U
