4267 6062
2505 363 600 219 Fueil .xuii.

986 363 684 159 Rondeaulx.

232 1682 253 404 F

242 505 2064 188 Mais quand de Mort le remors furieux

249 649 2233 176 S'en uient par fois passer deuant mes yeux,

235 774 2321 175 Lors suis contrainct de blasmer son oultraige:

235 892 2129 178 Car luy tout seul m'a plus donné de rage,

229 1027 1933 182 Que n'a Enuie, ⁊ tous les Enuieulx,

727 1161 1061 172 Depuis quatre ans.

606 1404 1845 185 D'ung se complaignant de Fortune.

505 1656 1679 177 Aulse Fortune, o que ie te uy belle:

505 1808 1921 177 Las qu'a present tu m'es rude, ⁊ rebelle.

520 1924 1664 187 O que iadis feiz bien a mon desir,

222 2067 1842 162 Et maintenant me fais le desplaisir,

222 2182 2108 195 Que ie craignoys plus que chose mortelle.

225 2424 2078 186 Enfans nourriz de sa gauche mammelle,

232 2576 2111 175 Composons luy (ie uous prie) ung Libelle,

229 2700 1795 182 Qui picque dru, ⁊ qui morde a loisir

727 2828 892 155 Faulse Fortune.

235 2946 1842 186 Par sa rigueur (helas) elle m'expelle

225 3081 2317 185 Du bien que i'ay: disant, puis qu'il uient d'elle,

229 3209 2050 178 Qu'elle peult bien du tout m'en dessaisir.

235 3347 1917 165 Mais en fin Mort mort me fera gesir,

235 3468 1869 186 Pour me uenger de sa seur la cruelle,

737 3603 882 158 Faulse Fortune.

872 3788 1313 196 A madame de Bazauges.

596 3950 1456 202 E Fortune trop aspre, ⁊ dure

606 4117 1790 166 Peult trop souffrir ung poure cops,

591 4228 1345 182 Si par parolle ne met hors

249 4357 1505 196 La cause, pourquoy il endure.

259 4603 1711 182 Mais soubz constante couuerture

262 4751 1586 189 On peult bien declairer les sors

747 4883 701 209 De Fortune.

217 3980 359 414 D

2204 4980 318 228 i .iii.
