4267 5983
1267 1527 287 344 L

1263 601 1075 160 La loyaulte suyuant,

1260 731 1107 156 Au iourdhuy est deceu:

1263 850 1085 143 Et le plus decepuant

1267 973 1064 173 Pour loyal est receu.

1982 1189 814 190 Chanson .xxiii.

1556 1445 1756 183 Ong temps y a, que ie uys en espoir,

1553 1582 1945 149 Et que Rigueur a dessus moy pouuoir:

1584 1695 1979 189 Mais si iamais ie rencontre Allegeance,

1283 1818 1780 179 Ie luy diray, ma Dame uenez ueoir:

1270 1941 2122 219 Rigueur me bat, faictes m'en la uengeance.

1290 2173 1793 193 Si ie ne puis Allegeance esmouuoir,

1293 2313 1919 179 Ie le feray au Dieu d'Amours scauoir,

1277 2443 1912 166 En luy disant, o Mondaine plaisance,

1290 2569 1965 163 Si d'aultre bien ne me uoulez pourueoir,

1280 2692 1842 173 A tout le moins ne m'ostez Esperance.

2002 2941 861 170 Chanson .xxiiii.

1661 3161 1822 204 Uand uous uouldrez faire une Amye,

1661 3315 1363 160 Prenez la de belle grandeur,

1688 3415 1481 173 En son Esprit non endormye,

1290 3553 1490 183 En son Tetin bonne rondeur,

1290 3689 542 156 Doulceur

1290 3822 549 150 En cueur,

1297 3945 482 150 Langage

1293 4068 552 146 Bien sage,

1290 4171 1906 173 Dansant, chantant par bons accords,

1287 4294 1649 186 Et ferme de Cueur, et de Corps.

1303 4533 1580 183 Si uous la prenez trop ieunette.

1283 4673 1527 163 Uous en aurez peu d'entretien:

1287 4796 1490 216 Pour durer prenez la brunette

1297 3218 364 371 Q
