4267 6000
2066 413 694 207 Fueil .lxxxi.

1120 413 683 177 Chansons.

385 870 345 390 A

1113 573 700 193 Chanson .ui.

746 816 1904 210 Mour, et Mort m'ont faict oultrage.

730 976 1503 164 Amour me retient en seruage,

376 1223 1647 170 A prins celluy loing de mon oeil,

763 1086 1780 200 Et Mort (pour accroistre ce dueil)

373 1360 1667 176 Qui de pres naure mon courage.

383 1586 1567 197 Helas Amour, tel personnage

393 1740 1627 173 Te seruoit en fleur de son aage,

386 1866 1600 160 Mais tu es ingrat a mon uueil

383 1986 1767 180 De souffrir Guerre, et son orgueil

386 2120 1890 196 Tuer ceulx, qui t'ont faict hommage.

400 2363 1696 190 Si est ce a mon cueur aduantage,

380 2503 1400 160 De ce que son noble corsage

390 2623 1716 167 Gist enuers, loing de mon acueil,

390 2756 1676 177 Car si i'auois ueu son Sercueil,

383 2896 1860 174 Ma grand douleur deuiendroit rage.

1120 3120 753 193 Chanson .uii.

740 3360 1411 205 Elle qui ma tant pourmené.

730 3525 1360 155 A eu pitie de ma langueur:

729 3630 1537 205 Dedans son Iardin ma mené,

400 3776 1633 170 Ou tous arbres sont en uigueur:

386 3910 1497 156 Adoncques ne usa de rigueur,

400 4026 1446 174 Si ie la baise, elle m'accolle:

396 4156 1664 154 Puis ma donné son noble cueur,

396 4280 1637 183 Dont il m'est aduis que ie uolle.

396 4520 1730 200 Quand ie uei son cueur estre mien,

410 4680 1440 156 Ie mys toute crainte dehors,

403 4793 1583 173 Et luy dys, Belle, ce n'est rien,

420 4923 1406 207 Si entre uoz bras ie ne dors:

400 3437 338 398 C
