4267 5946
1407 2712 340 379 U

1404 502 1884 161 Suyuant l'Abbesse en grand deuotion:

1404 621 1474 168 Si cours apres, ⁊ par affection

1388 743 1930 175 Uins aborder la plus ieune, ⁊ tendrette.

1404 967 1831 185 Ie l'arraisonne, elle plainct, ⁊ regrette,

1394 1126 1960 152 Dont ie congnus (certes) que la pourette

1391 1235 1610 165 Eust bien uoulu aultre uacation

1758 1360 962 162 Hors du Couuent.

1401 1585 1867 162 Toutes auoient soubz uesture secrette

1394 1724 1897 162 Ung tainct uermeil, une mine saffrette,

1401 1849 1788 156 Sans point auoir d'amour fruition.

1401 1965 1497 155 Ha (dis ie lors) quelle perdition

1414 2077 1742 192 Se fait icy: de ce dont i'ay souffrette.

1768 2213 948 162 Hors du Couuent.

2012 2441 1134 175 D'alliance de Pensée.

1754 2655 1913 223 Ng mardy gras, que tristesse est chassée,

1749 2824 1953 153 M'aduint par heur d'amitie pour chassée

1759 2948 1591 163 Une Pensee excellente, ⁊ loyalle:

1394 3068 1828 159 Quand ie dirois digne d'estre royalle,

1394 3194 1855 168 Par moy seroit a bon droict exaulcée.

1394 3428 1656 166 Car de rimer ma plume dispensée

1391 3567 1887 149 (Sans me louer) peult louer la Pensée

1398 3689 1880 172 Qui me suruint dansant en une Salle

1751 3825 906 162 Ung mardy gras.

1408 4036 1579 185 Cest celle qu'ay d'alliance pressée

1414 4185 1924 168 Par ces attraictz: laquelle a uoix baissée

1401 4307 1590 165 Ma dit, ie suis ta Pensée fealle,

1398 4423 1804 171 Et toy la mienne, a mon gré cordialle:

1411 4558 1761 172 Nostre alliance ainsi fut commencée

1764 4680 896 199 Ung mardy gras.
