4267 6233
2580 235 471 208 Fueil .u.

613 1563 358 987 I

284 422 2708 291 CLEMENT MAROT

571 630 2133 242 A UNG GRAND NOM¬

838 796 1562 225 bre de Freres, qu'il a: tous En¬

1260 969 759 215 fans d'Apollo,

1461 1115 346 218 Salut.

1323 1405 1704 201 E ne scay (mes treschiers Fre¬

1323 1544 1711 187 res) qui m'a plus incité a mettre

1326 1679 1711 173 ces miennes petites Ieunesses en

1323 1804 1711 176 Lumiere, ou uoz continuelles prie¬

1336 1935 1704 198 res: ou le desplaisir, que i'ay eu

1333 2067 1701 183 d'en ouir crier, et publier par les

1336 2202 1704 190 rues une grande partie toute in¬

1330 2342 1710 171 correcte, mal imprimée, ⁊ plus au¬

294 2465 2750 222 proffit du Libraire, qu a l'honneur de l'Autheur. Cer¬

290 2593 2744 222 tainement toutes les deux occasions y ont serui: mais

294 2725 2736 221 plus celle de uoz prieres. Puis doncques, que uous

297 2856 2737 218 estes cause de l'euidence de l'Oeuure, ie suis d'aduis,

308 2991 2726 222 s'il en uient blasme, que la moytie en tumbe sur uous:

308 3123 2736 222 et s'il en sort (d'aduenture) honneur, ou louange, que

311 3255 2743 214 uous, ne moy n'y aions rien, mais celluy, a qui seul est

311 3386 2736 204 deu honneur, ⁊ gloire. Ne uous chaille (mes freres)

315 3511 2739 221 si la courtoisie des lecteurs ne nous excuse, le tiltre

315 3642 2746 222 du Liure nous excusera. ce sont Oeuures de ieunesse,

318 3774 2736 225 ce sont coups d'essay: ce n'est (en effect, aultre chose,

318 3912 2747 215 qu'un petit Iardin, que ie uous ay cultiué de ce, que

322 4051 2743 208 I'ay peu recouurer d'arbres, d'herbes, et fleurs de

325 4162 2750 214 mon Printemps: la ou (toutesfoys, ne uerrez ung seul

332 4304 2736 214 brin de Soucie. Lisez hardiment, uous y trouuerez

339 4428 2736 219 quelque delectation: et en certains eudroictz quel¬

339 4577 2746 208 que peu de fruict. peu dis ie, pource qu'arbres nou¬

339 4695 2740 215 ueaulx entez ne produisent pas fruictz de trop grande

349 4827 2730 211 saueur. Et pour ce qu'il n'y a Iardin, ou ne se puisse

346 4962 2739 239 rencontrer quelque herbe nuisante, ie uous supplie
