4267 6046
1341 2851 323 398 D

1330 658 2123 164 Helas pourquoy? riens ne scait du uieil art

1330 782 1945 182 Qu'aprend Uenus lamoureuse Déesse.

1337 1011 1878 191 Par ung desir de monstrer ma prouesse

1367 1162 2261 158 Souuent l'assaulx: mais il demande, ou est ce?

1340 1289 2302 188 Ou dort (peult estre) ⁊ mon cueur ueille a part

1975 1407 857 181 En languissant.

1330 1639 2026 184 Puis quand ie ueulx luy iouer de finesse,

1333 1780 1650 164 Honte me dict, cesse ma fille, cesse,

1337 1901 2049 154 Garde t'en bien, a honneur prends esgard:

1330 2018 1915 182 Lors ie responds, Honte, allez a lescart,

1330 2146 1959 191 Ie ne ueulx pas perdre ainsi ma ieunesse

1968 2273 837 185 En languissant.

1693 2532 1398 208 Du mal content d'Amours.

1679 2841 1828 188 'Estre amoureux n'ay plus intention,

1699 2977 1871 197 Cest maintenant ma moindre affection,

1689 3123 1690 156 Car celle la, de qui ie cuydoye estre

1330 3241 1952 161 Le bien aymé, ma bien faict apparoistre,

1327 3362 1895 171 Qu'au faict d'amour n'y a que fiction.

1343 3590 1610 182 Ie la pensoys sans imperfection,

1337 3728 1911 175 Mais d'aultre Amy a prins possession:

1337 3866 1965 171 Et pour ce plus ne me ueulx entremettre

1978 3987 982 194 D'estre amoureux.

1340 4225 1710 168 Au temps present par toute nation

1333 4356 2060 171 Les Dames sont comme ung petit Syon,

1333 4484 2110 161 Qui tousiours ploye a dextre, ⁊ a senestre.

1340 4615 2224 184 Brief, les plus fins ne si scauent congnoistre:

1343 4736 1764 184 Parquoy concludz, que cest abusion

2029 4860 961 228 Destre amoureux.
