4267 5958
1346 1206 139 377 I

1327 625 1433 202 En seruant aura iouyssance.

2042 897 741 191 Chanson .iiii.

1496 1181 1377 166 Ouyssance uous donneray,

1509 1307 1225 169 Mon Amy, ⁊ si meneray

1334 1555 1353 166 Uiuante ne uous laisseray,

1510 1434 1385 149 A bonne fin uostre esperance.

1334 1678 1430 162 Encores, quand morte seray,

1330 1800 1414 199 L'esprit en aura souuenance.

1343 2019 1394 195 Si pour moy auez du soucy,

1340 2154 1751 179 Pour uous n'en ay pas moins aussi,

1334 2280 1675 162 Amour le uous doit faire entendre.

1340 2406 1748 172 Mais s'il uous griefue d'estre ainsi,

1337 2542 1413 158 Appaisez uostre cueur transi:

1347 2644 1880 205 Tout uient a point, qui peult attendre.

2045 2889 646 189 Chanson .u.

1496 3180 1718 179 'Attens secours de ma seulle pensée:

1499 3313 1791 188 I'attens le iour, que l'on mescondira,

1505 3435 1579 189 Ou que de tout la Belle me dira,

1340 3564 1559 189 Amy t'amour sera recompensée.

1350 3796 1861 189 Mon alliance est fort bien commencée.

1343 3942 1742 172 Mais ie ne scay, comment il en yra,

1350 4064 1536 152 Car felle ueult, ma uie perira,

1343 4180 2192 199 Quoy qu'en Amour s'attend d'estre auancée.

1367 4428 1771 199 Si iay reffus, uienne Mort insensée:

1353 4584 1679 155 A son plaisir de mon cueur iouyra.

1350 4700 1520 169 Si i'ay mercy, adonc s'esiouyra

1350 4822 1927 202 Celluy, qui point n'a sa Dame offensée.

1366 3202 119 382 I

3250 4931 669 199 Chanson.ui.
