<?xml version="1.0" encoding="UTF-8"?>
<alto xmlns:xsi="http://www.w3.org/2001/XMLSchema-instance"
      xmlns="http://www.loc.gov/standards/alto/ns-v4#"
      xsi:schemaLocation="http://www.loc.gov/standards/alto/ns-v4# http://www.loc.gov/standards/alto/v4/alto-4-2.xsd">
  <Description>
    <MeasurementUnit>pixel</MeasurementUnit>
    <sourceImageInformation>
      <fileName>Les_Oeuvres_de_Clément_Marot_Gallica_bpt6k87118420.pdf_page_187.png</fileName>
      <fileIdentifier>pdf//Les_Oeuvres_de_Clément_Marot_Gallica_bpt6k87118420.pdf</fileIdentifier>
    </sourceImageInformation>
  </Description>
  
  <Tags>
    <OtherTag ID="BT11071" LABEL="MainZone" DESCRIPTION="block type MainZone"/><OtherTag ID="BT11070" LABEL="GraphicZone" DESCRIPTION="block type GraphicZone"/><OtherTag ID="BT11069" LABEL="DropCapitalZone" DESCRIPTION="block type DropCapitalZone"/><OtherTag ID="BT11068" LABEL="DamageZone" DESCRIPTION="block type DamageZone"/><OtherTag ID="BT11078" LABEL="TitlePageZone" DESCRIPTION="block type TitlePageZone"/><OtherTag ID="BT11077" LABEL="StampZone" DESCRIPTION="block type StampZone"/><OtherTag ID="BT11076" LABEL="RunningTitleZone" DESCRIPTION="block type RunningTitleZone"/><OtherTag ID="BT11075" LABEL="QuireMarksZone" DESCRIPTION="block type QuireMarksZone"/><OtherTag ID="BT11074" LABEL="NumberingZone" DESCRIPTION="block type NumberingZone"/><OtherTag ID="BT11073" LABEL="MarginTextZone:handwrittenAddition" DESCRIPTION="block type MarginTextZone:handwrittenAddition"/><OtherTag ID="BT11072" LABEL="MarginTextZone" DESCRIPTION="block type MarginTextZone"/>
    <OtherTag ID="LT4362" LABEL="default" DESCRIPTION="line type default"/><OtherTag ID="LT4359" LABEL="DefaultLine" DESCRIPTION="line type DefaultLine"/><OtherTag ID="LT4361" LABEL="HeadingLine" DESCRIPTION="line type HeadingLine"/><OtherTag ID="LT4360" LABEL="DropCapitalLine" DESCRIPTION="line type DropCapitalLine"/>
  </Tags>
  
  <Layout>
    <Page WIDTH="4267"
          HEIGHT="6054"
          PHYSICAL_IMG_NR="178"
          ID="eSc_dummypage_">
      <PrintSpace HPOS="0"
                  VPOS="0"
                  WIDTH="4267"
                  HEIGHT="6054">
        
        <TextBlock HPOS="2239"
                   VPOS="480"
                   WIDTH="503"
                   HEIGHT="182"
                   ID="eSc_textblock_9f1aedaf"
                   TAGREFS="BT11075">
          <Shape><Polygon POINTS="2239 480 2246 646 2742 662 2742 503"/></Shape>
          
          
          <TextLine ID="eSc_line_42132f09"
                    TAGREFS="LT4359"
                    BASELINE="2247 595 2729 595" 
                    HPOS="2247"
                    VPOS="477"
                    WIDTH="482"
                    HEIGHT="188">
            <Shape><Polygon POINTS="2719 591 2688 517 2634 497 2618 497 2591 507 2577 494 2550 494 2517 491 2513 487 2480 504 2436 487 2432 487 2429 487 2426 487 2422 487 2406 504 2399 507 2392 501 2365 480 2365 477 2362 477 2358 477 2355 477 2247 491 2247 595 2247 645 2422 642 2443 645 2490 662 2493 662 2496 662 2500 662 2540 645 2544 645 2550 645 2594 665 2597 665 2601 665 2729 645 2729 595 2722 575 2719 591"/></Shape>
	    <String CONTENT="Fueil .xc."
                    HPOS="2247"
                    VPOS="477"
                    WIDTH="482"
                    HEIGHT="188"
                    WC="0.975531183183193"></String>
          </TextLine>

          
        </TextBlock>
        
        <TextBlock HPOS="879"
                   VPOS="466"
                   WIDTH="616"
                   HEIGHT="150"
                   ID="eSc_textblock_41cd50d1"
                   TAGREFS="BT11076">
          <Shape><Polygon POINTS="879 466 879 616 1495 616 1495 466"/></Shape>
          
          
          <TextLine ID="eSc_line_b49eedeb"
                    TAGREFS="LT4361"
                    BASELINE="881 578 1480 568" 
                    HPOS="878"
                    VPOS="457"
                    WIDTH="602"
                    HEIGHT="175">
            <Shape><Polygon POINTS="1406 467 1383 467 1349 467 1315 464 1282 464 1248 464 1241 464 1221 477 1137 477 1100 460 1080 460 1046 457 1012 457 979 457 945 457 942 457 878 484 881 578 881 622 999 615 1006 618 1023 632 1026 632 1029 632 1033 632 1036 632 1100 615 1117 612 1140 612 1275 628 1278 628 1480 598 1480 568 1473 497 1453 474"/></Shape>
	    <String CONTENT="Chansons"
                    HPOS="878"
                    VPOS="457"
                    WIDTH="602"
                    HEIGHT="175"
                    WC="0.999995708465576"></String>
          </TextLine>

          
        </TextBlock>
        
        <TextBlock HPOS="316"
                   VPOS="1675"
                   WIDTH="398"
                   HEIGHT="391"
                   ID="eSc_textblock_56e126de"
                   TAGREFS="BT11069">
          <Shape><Polygon POINTS="316 1675 316 2066 714 2066 676 1683"/></Shape>
          
          
          <TextLine ID="eSc_line_a0081334"
                    TAGREFS="LT4360"
                    BASELINE="315 2021 706 2023" 
                    HPOS="313"
                    VPOS="1639"
                    WIDTH="388"
                    HEIGHT="434">
            <Shape><Polygon POINTS="313 2033 696 2073 701 2018 701 1720 646 1720 646 1715 550 1639 545 1639 540 1639 449 1639 444 1639 439 1639 313 1700 313 2018"/></Shape>
	    <String CONTENT="Q"
                    HPOS="313"
                    VPOS="1639"
                    WIDTH="388"
                    HEIGHT="434"
                    WC="1.0"></String>
          </TextLine>

          
        </TextBlock>
        
        <TextBlock HPOS="255"
                   VPOS="631"
                   WIDTH="2675"
                   HEIGHT="4545"
                   ID="eSc_textblock_e81a0888"
                   TAGREFS="BT11071">
          <Shape><Polygon POINTS="315 631 255 5161 2374 5176 2930 1983 2577 661"/></Shape>
          
          
          <TextLine ID="eSc_line_96f248de"
                    TAGREFS="LT4359"
                    BASELINE="319 746 2220 753" 
                    HPOS="316"
                    VPOS="625"
                    WIDTH="1904"
                    HEIGHT="175">
            <Shape><Polygon POINTS="1722 628 1719 628 1675 649 1473 628 1470 628 1467 628 1409 649 1386 655 1295 649 1097 628 1093 628 1090 628 1036 645 1009 655 800 655 760 642 713 628 710 628 706 628 703 628 676 642 652 652 602 639 538 625 535 625 326 635 319 645 319 746 316 773 373 797 376 797 380 797 498 780 790 797 794 797 797 797 831 780 837 776 911 780 1110 793 1113 793 1117 793 1154 783 1191 776 1406 776 1423 790 1436 800 1440 800 1443 800 1447 800 1527 790 1615 780 1719 780 1746 793 1753 800 1756 800 1759 800 1763 800 1766 800 1780 793 1810 780 2214 800 2220 753 2220 659 2123 632 2120 632 2116 632 2113 632 2029 655 2002 632 2002 628 1998 628 1995 628 1992 628 1877 635 1874 635 1871 635 1850 652 1847 655 1837 652 1726 628 1722 628"/></Shape>
	    <String CONTENT="Mais en mon cueur, qui trop endure,"
                    HPOS="316"
                    VPOS="625"
                    WIDTH="1904"
                    HEIGHT="175"
                    WC="0.990199402400425"></String>
          </TextLine>

          
          
          <TextLine ID="eSc_line_4822e773"
                    TAGREFS="LT4359"
                    BASELINE="323 877 1958 871" 
                    HPOS="319"
                    VPOS="760"
                    WIDTH="1639"
                    HEIGHT="164">
            <Shape><Polygon POINTS="323 877 323 924 1554 924 1554 921 1558 921 1632 904 1951 921 1958 871 1951 783 1258 760 1255 760 1251 760 1248 760 1218 780 858 763 854 763 851 763 780 783 555 766 551 766 548 766 481 783 400 763 397 763 393 763 390 763 319 787 323 877"/></Shape>
	    <String CONTENT="Nommez le Roc, ou Dyamant,"
                    HPOS="319"
                    VPOS="760"
                    WIDTH="1639"
                    HEIGHT="164"
                    WC="0.976559169017352"></String>
          </TextLine>

          
          
          <TextLine ID="eSc_line_d98ef325"
                    TAGREFS="LT4359"
                    BASELINE="323 1005 1961 998" 
                    HPOS="319"
                    VPOS="894"
                    WIDTH="1642"
                    HEIGHT="155">
            <Shape><Polygon POINTS="323 1005 323 1035 1955 1049 1961 998 1955 918 1810 898 1807 898 1803 898 1759 914 1719 894 1716 894 1712 894 1709 894 1645 918 1470 918 1447 894 1443 894 1440 894 1436 894 1433 894 1389 914 898 898 895 898 891 898 888 898 858 918 753 898 750 898 555 914 376 898 373 898 370 898 319 918 323 1005"/></Shape>
	    <String CONTENT="Car ie uy tousiours en aymant,"
                    HPOS="319"
                    VPOS="894"
                    WIDTH="1642"
                    HEIGHT="155"
                    WC="0.996849749485652"></String>
          </TextLine>

          
          
          <TextLine ID="eSc_line_f29dcf2a"
                    TAGREFS="LT4359"
                    BASELINE="316 1130 1891 1123" 
                    HPOS="312"
                    VPOS="1022"
                    WIDTH="1579"
                    HEIGHT="158">
            <Shape><Polygon POINTS="316 1130 316 1167 343 1180 346 1180 349 1180 430 1163 454 1160 464 1163 487 1180 491 1180 494 1180 498 1180 501 1180 504 1180 524 1167 531 1160 558 1167 632 1180 636 1180 639 1180 669 1167 683 1160 996 1160 1012 1170 1023 1177 1026 1177 1029 1177 1033 1177 1080 1170 1147 1156 1164 1170 1171 1177 1174 1177 1177 1177 1181 1180 1413 1180 1413 1177 1416 1177 1420 1177 1423 1170 1440 1160 1541 1173 1584 1177 1588 1177 1591 1177 1595 1177 1598 1173 1621 1156 1672 1173 1685 1177 1689 1177 1692 1177 1887 1173 1891 1123 1884 1042 1100 1022 1097 1022 814 1042 370 1025 366 1025 363 1025 312 1042 316 1130"/></Shape>
	    <String CONTENT="En aymant celluy qui procure,"
                    HPOS="312"
                    VPOS="1022"
                    WIDTH="1579"
                    HEIGHT="158"
                    WC="0.996475400595829"></String>
          </TextLine>

          
          
          <TextLine ID="eSc_line_bd8d491d"
                    TAGREFS="LT4359"
                    BASELINE="316 1264 2136 1264" 
                    HPOS="316"
                    VPOS="1150"
                    WIDTH="1820"
                    HEIGHT="178">
            <Shape><Polygon POINTS="316 1264 316 1321 484 1301 524 1325 528 1325 531 1325 535 1325 605 1325 1171 1301 1194 1321 1197 1321 1201 1321 1245 1325 1315 1325 1319 1325 1329 1325 1447 1301 1517 1325 1521 1325 1524 1325 1527 1325 1541 1325 1706 1308 1780 1325 1783 1325 1786 1328 2046 1328 2046 1325 2049 1325 2052 1325 2079 1308 2130 1325 2136 1264 2136 1163 2096 1150 2093 1150 2089 1150 2005 1167 1982 1170 1975 1167 1948 1150 1945 1150 1941 1150 1938 1150 1934 1150 1931 1150 1931 1153 1914 1167 1911 1170 1877 1167 1749 1153 1746 1153 1743 1153 1699 1167 1696 1167 1645 1150 1642 1150 1638 1150 1635 1150 1632 1150 1632 1153 1615 1167 1611 1173 1413 1173 1403 1170 1339 1150 1335 1150 1332 1150 1329 1150 1325 1150 1305 1170 1302 1173 1231 1173 1218 1170 1110 1150 1107 1150 959 1170 952 1170 918 1150 915 1150 911 1150 908 1150 800 1170 773 1150 770 1150 767 1150 669 1150 666 1150 514 1170 380 1150 376 1150 373 1150 316 1170 316 1264"/></Shape>
	    <String CONTENT="Que Mort me uoyse consommant."
                    HPOS="316"
                    VPOS="1150"
                    WIDTH="1820"
                    HEIGHT="178"
                    WC="0.997855766066189"></String>
          </TextLine>

          
          
          <TextLine ID="eSc_line_a5495a4b"
                    TAGREFS="LT4361"
                    BASELINE="703 1506 2567 1530" 
                    HPOS="699"
                    VPOS="1378"
                    WIDTH="1868"
                    HEIGHT="219">
            <Shape><Polygon POINTS="2352 1429 2335 1422 2274 1399 2271 1399 2214 1399 2210 1399 2207 1399 2204 1399 2204 1402 2187 1415 2180 1426 2039 1426 2012 1412 1975 1399 1971 1399 1968 1399 1965 1399 1941 1409 1928 1419 1921 1409 1908 1399 1908 1395 1904 1395 1901 1395 1793 1395 1790 1395 1786 1395 1783 1395 1770 1405 1753 1419 1578 1419 1558 1399 1551 1395 1551 1392 1547 1392 1544 1392 1332 1392 1329 1392 1325 1392 1322 1392 1322 1395 1305 1409 1255 1392 1231 1385 1228 1385 1224 1385 1221 1385 1218 1385 1218 1389 1214 1392 1194 1409 1076 1389 1060 1385 1056 1385 1053 1385 1049 1385 1016 1405 1002 1395 1002 1392 999 1392 996 1392 992 1392 989 1392 938 1405 703 1378 703 1506 699 1543 821 1577 824 1577 827 1577 898 1574 901 1574 905 1574 905 1570 932 1550 1049 1574 1053 1574 1140 1553 1167 1577 1167 1580 1171 1580 1174 1580 1235 1584 1238 1584 1430 1557 1554 1587 1558 1587 1561 1590 1702 1590 1702 1587 1706 1587 1709 1587 1749 1563 1773 1587 1773 1590 1776 1590 1780 1590 1783 1594 1901 1594 1901 1590 1904 1590 1908 1590 1945 1563 1978 1590 1982 1590 1985 1590 1988 1590 1992 1590 2042 1567 2170 1567 2204 1594 2207 1594 2210 1594 2214 1597 2295 1597 2295 1594 2298 1594 2301 1594 2328 1570 2399 1594 2402 1594 2406 1594 2409 1594 2412 1594 2439 1570 2564 1567 2567 1530 2567 1432 2564 1429"/></Shape>
	    <String CONTENT="Chanson .xli. Composée par Heroet."
                    HPOS="699"
                    VPOS="1378"
                    WIDTH="1868"
                    HEIGHT="219"
                    WC="0.99342678713076"></String>
          </TextLine>

          
          
          <TextLine ID="eSc_line_6e1aed1e"
                    TAGREFS="LT4359"
                    BASELINE="706 1765 2813 1779" 
                    HPOS="703"
                    VPOS="1641"
                    WIDTH="2110"
                    HEIGHT="185">
            <Shape><Polygon POINTS="706 1765 703 1809 2268 1809 2271 1809 2288 1826 2291 1826 2295 1826 2298 1826 2809 1809 2813 1779 2809 1685 2618 1685 2614 1681 2597 1664 2594 1664 2591 1664 2587 1664 2432 1678 2392 1681 2385 1678 2342 1651 2338 1651 2335 1651 2332 1651 2328 1651 2278 1678 2254 1678 2133 1678 2126 1674 2072 1648 2069 1648 2012 1648 2008 1648 2005 1648 2002 1648 2002 1651 1975 1674 1968 1678 1786 1678 1783 1671 1759 1648 1759 1644 1756 1644 1753 1644 1749 1644 1423 1648 1420 1648 1372 1664 1231 1641 1228 1641 1224 1641 1221 1641 1181 1664 1167 1674 1117 1674 1110 1664 1090 1648 1090 1644 1086 1644 1083 1644 1080 1644 1076 1644 1026 1664 1002 1671 969 1661 888 1641 885 1641 881 1641 706 1658 706 1765"/></Shape>
	    <String CONTENT="Ui la uouldra, fault premier que ie meure:"
                    HPOS="703"
                    VPOS="1641"
                    WIDTH="2110"
                    HEIGHT="185"
                    WC="0.998953375078383"></String>
          </TextLine>

          
          
          <TextLine ID="eSc_line_3f4e3350"
                    TAGREFS="LT4359"
                    BASELINE="712 1900 1487 1896 2873 1920" 
                    HPOS="701"
                    VPOS="1775"
                    WIDTH="2167"
                    HEIGHT="212">
            <Shape><Polygon POINTS="706 1896 701 1927 853 1957 858 1957 1075 1937 1126 1937 1232 1942 1651 1972 1656 1972 1661 1972 1732 1957 1767 1947 1802 1957 1843 1972 1848 1972 1853 1972 1913 1962 1974 1947 2024 1962 2050 1972 2055 1972 2060 1972 2156 1967 2368 1952 2423 1972 2449 1982 2454 1982 2459 1987 2863 1987 2868 1917 2868 1811 706 1775 706 1896"/></Shape>
	    <String CONTENT="Puis s&#x27;il congnoist son grand dueil appaisé,"
                    HPOS="701"
                    VPOS="1775"
                    WIDTH="2167"
                    HEIGHT="212"
                    WC="0.994889206356472"></String>
          </TextLine>

          
          
          <TextLine ID="eSc_line_0f4388e0"
                    TAGREFS="LT4359"
                    BASELINE="721 2023 1971 2028 2422 2044" 
                    HPOS="712"
                    VPOS="1907"
                    WIDTH="1706"
                    HEIGHT="181">
            <Shape><Polygon POINTS="717 2018 712 2068 2408 2088 2418 2043 2413 1927 717 1907 717 2018"/></Shape>
	    <String CONTENT="La serue bien: mais il est mal aysé,"
                    HPOS="712"
                    VPOS="1907"
                    WIDTH="1706"
                    HEIGHT="181"
                    WC="0.998563292953703"></String>
          </TextLine>

          
          
          <TextLine ID="eSc_line_c08bffbd"
                    TAGREFS="LT4359"
                    BASELINE="316 2149 2321 2162" 
                    HPOS="312"
                    VPOS="2038"
                    WIDTH="2009"
                    HEIGHT="185">
            <Shape><Polygon POINTS="316 2149 312 2186 420 2189 444 2213 447 2213 450 2213 454 2216 578 2216 578 2213 582 2213 585 2213 585 2209 605 2192 706 2192 740 2213 743 2213 747 2213 750 2213 753 2213 810 2192 864 2216 868 2216 871 2216 1053 2196 1103 2216 1107 2216 1319 2219 1322 2219 1470 2199 1524 2219 1527 2219 1531 2219 2210 2206 2244 2223 2247 2223 2251 2223 2254 2223 2318 2199 2321 2162 2318 2078 2167 2075 2150 2058 2150 2054 2146 2054 2143 2054 2140 2054 2136 2054 2076 2075 2072 2075 2056 2075 1857 2058 1854 2058 1722 2071 1689 2044 1685 2044 1682 2044 1679 2044 1675 2044 1571 2071 1568 2071 1564 2071 1500 2044 1497 2044 1494 2044 1490 2044 1487 2044 1447 2071 1440 2075 1332 2075 1322 2071 1218 2041 1214 2041 1211 2041 1208 2041 1130 2068 1127 2068 945 2041 942 2041 938 2041 935 2041 901 2065 881 2048 881 2044 878 2044 874 2044 871 2044 868 2044 864 2044 834 2065 804 2038 800 2038 797 2038 794 2038 656 2058 410 2038 407 2038 403 2038 316 2061 316 2149"/></Shape>
	    <String CONTENT="(Mort son Amy) qu&#x27;elle uiue demeure."
                    HPOS="312"
                    VPOS="2038"
                    WIDTH="2009"
                    HEIGHT="185"
                    WC="0.992387871484499"></String>
          </TextLine>

          
          
          <TextLine ID="eSc_line_b2d9e9e2"
                    TAGREFS="LT4361"
                    BASELINE="915 2418 2395 2418" 
                    HPOS="915"
                    VPOS="2290"
                    WIDTH="1480"
                    HEIGHT="192">
            <Shape><Polygon POINTS="915 2482 1026 2482 1026 2478 1029 2478 1033 2478 1033 2475 1060 2451 1467 2451 1521 2478 1524 2478 1527 2478 1635 2451 1733 2451 1786 2478 1790 2478 1793 2478 1796 2478 1874 2451 1982 2451 2012 2475 2012 2478 2015 2478 2019 2478 2022 2482 2170 2482 2170 2478 2173 2478 2177 2478 2200 2461 2392 2478 2395 2418 2395 2313 2180 2313 2180 2310 2160 2293 2160 2290 2157 2290 2153 2290 2150 2290 2146 2290 2106 2307 2015 2290 2012 2290 2008 2290 2005 2290 1971 2310 1904 2290 1901 2290 1897 2290 1894 2290 1854 2310 1847 2310 1689 2290 1578 2290 1574 2290 1571 2290 1568 2290 1534 2310 1531 2313 1140 2313 1137 2310 1117 2293 1113 2293 1110 2293 1107 2293 1103 2293 1070 2310 1049 2290 1046 2290 1043 2290 1039 2290 915 2307 915 2418"/></Shape>
	    <String CONTENT="Second couplet par Marot."
                    HPOS="915"
                    VPOS="2290"
                    WIDTH="1480"
                    HEIGHT="192"
                    WC="0.995512392520905"></String>
          </TextLine>

          
          
          <TextLine ID="eSc_line_fe2a74a7"
                    TAGREFS="LT4359"
                    BASELINE="309 2657 2301 2667" 
                    HPOS="306"
                    VPOS="2535"
                    WIDTH="1995"
                    HEIGHT="182">
            <Shape><Polygon POINTS="309 2657 306 2694 521 2687 578 2697 632 2707 636 2707 639 2707 642 2707 642 2704 652 2697 659 2687 824 2687 841 2697 864 2707 868 2707 871 2707 965 2694 1006 2690 1012 2694 1026 2707 1026 2710 1029 2710 1033 2710 1036 2714 1228 2714 1228 2710 1433 2694 1473 2690 1480 2694 1514 2710 1517 2710 1521 2710 1615 2697 1820 2714 1823 2714 1827 2714 1874 2697 1891 2710 1891 2714 1894 2714 1897 2714 1901 2717 2274 2717 2274 2714 2278 2714 2281 2714 2281 2710 2298 2690 2301 2667 2301 2559 2234 2542 2231 2542 2227 2542 2224 2542 2224 2546 2210 2559 2200 2569 2109 2569 2089 2556 2059 2542 2056 2542 1941 2542 1938 2542 1934 2542 1931 2542 1911 2556 1891 2569 1810 2569 1770 2556 1719 2542 1716 2542 1712 2542 1709 2542 1706 2542 1706 2546 1692 2556 1682 2566 1659 2556 1638 2549 1635 2549 1632 2549 1521 2556 1396 2562 1386 2556 1372 2542 1369 2542 1366 2542 1258 2539 1255 2539 1251 2539 1214 2556 1194 2562 1171 2552 1134 2539 1130 2539 1127 2539 1123 2539 1093 2552 1073 2566 979 2566 965 2552 948 2539 948 2535 945 2535 942 2535 794 2535 790 2535 787 2535 784 2535 763 2552 757 2559 740 2552 699 2535 696 2535 693 2535 689 2535 646 2552 622 2562 430 2562 417 2552 397 2535 393 2535 390 2535 386 2535 309 2549 309 2657"/></Shape>
	    <String CONTENT="Ie cuyde bien qu&#x27;elle mourroit a l&#x27;heure,"
                    HPOS="306"
                    VPOS="2535"
                    WIDTH="1995"
                    HEIGHT="182"
                    WC="0.971359833329916"></String>
          </TextLine>

          
          
          <TextLine ID="eSc_line_97a8bd6a"
                    TAGREFS="LT4359"
                    BASELINE="302 2781 2530 2798" 
                    HPOS="299"
                    VPOS="2670"
                    WIDTH="2231"
                    HEIGHT="175">
            <Shape><Polygon POINTS="2523 2700 2520 2697 2345 2683 2342 2683 2338 2683 2335 2683 2311 2697 2298 2704 1921 2704 1904 2697 1860 2680 1857 2680 1854 2680 1850 2680 1817 2697 1807 2704 1648 2704 1611 2694 1531 2680 1527 2680 1463 2694 1443 2697 1426 2694 1359 2680 1356 2680 1251 2694 1214 2697 1204 2694 1160 2673 1157 2673 1154 2673 1150 2673 1147 2673 1117 2694 1113 2694 1093 2694 972 2677 969 2677 848 2690 821 2694 807 2690 740 2670 736 2670 733 2670 622 2690 615 2690 612 2690 558 2673 555 2673 551 2673 467 2690 461 2690 437 2670 434 2670 430 2670 427 2670 302 2687 302 2781 299 2818 2523 2845 2530 2798 2530 2707 2523 2700"/></Shape>
	    <String CONTENT="Que Mort uiendroit tous les Amans saisir:"
                    HPOS="299"
                    VPOS="2670"
                    WIDTH="2231"
                    HEIGHT="175"
                    WC="0.997939673865714"></String>
          </TextLine>

          
          
          <TextLine ID="eSc_line_45549b31"
                    TAGREFS="LT4359"
                    BASELINE="309 2905 2453 2929" 
                    HPOS="306"
                    VPOS="2805"
                    WIDTH="2147"
                    HEIGHT="161">
            <Shape><Polygon POINTS="309 2905 306 2946 2446 2966 2453 2929 2449 2842 2295 2821 2291 2821 2288 2821 2231 2838 2224 2838 2214 2838 2150 2818 2146 2818 2143 2818 1975 2835 1955 2835 1948 2835 1904 2818 1901 2818 1897 2818 1894 2818 1891 2818 1871 2831 1867 2835 1847 2831 1733 2815 1729 2815 1574 2828 1537 2831 1510 2828 1413 2811 1409 2811 1309 2825 1285 2828 1275 2825 1231 2808 1228 2808 1224 2808 1063 2821 1023 2828 928 2828 918 2821 895 2805 891 2805 888 2805 885 2805 309 2811 309 2905"/></Shape>
	    <String CONTENT="Mais si (toy mort) elle en trouue a choisir,"
                    HPOS="306"
                    VPOS="2805"
                    WIDTH="2147"
                    HEIGHT="161"
                    WC="0.992363153533502"></String>
          </TextLine>

          
          
          <TextLine ID="eSc_line_7d222eac"
                    TAGREFS="LT4359"
                    BASELINE="309 3043 2456 3057" 
                    HPOS="306"
                    VPOS="2929"
                    WIDTH="2150"
                    HEIGHT="195">
            <Shape><Polygon POINTS="309 3043 306 3104 642 3111 646 3111 649 3111 652 3111 652 3107 659 3104 676 3087 780 3087 864 3087 881 3104 895 3114 898 3114 901 3114 905 3114 975 3104 1046 3090 1080 3100 1110 3114 1113 3114 1117 3114 1120 3114 1123 3114 1137 3100 1147 3090 1235 3090 1268 3100 1309 3114 1312 3114 1315 3114 1319 3114 1352 3100 1383 3090 1409 3100 1440 3111 1443 3111 1447 3111 1450 3111 1487 3100 1510 3094 1534 3100 1588 3117 1591 3117 1595 3121 1746 3121 1746 3117 1749 3117 1783 3097 1796 3094 1901 3094 1911 3097 1961 3121 1965 3121 1968 3124 2200 3124 2200 3121 2453 3094 2456 3057 2453 2969 2241 2969 2231 2963 2194 2942 2190 2942 2187 2942 2183 2942 2133 2963 2120 2966 2096 2963 2015 2942 2012 2942 2008 2942 1955 2959 1928 2966 1894 2956 1867 2949 1864 2949 1860 2949 1763 2956 1632 2963 1598 2953 1561 2939 1558 2939 1554 2939 1477 2949 1383 2963 1278 2963 1248 2946 1228 2936 1224 2936 1221 2936 1160 2942 1046 2959 996 2939 982 2936 979 2936 975 2936 948 2939 851 2959 794 2936 780 2932 777 2932 773 2932 743 2936 656 2949 629 2932 625 2932 622 2932 619 2932 595 2932 444 2946 309 2929 309 3043"/></Shape>
	    <String CONTENT="I&#x27;ay belle peur qu&#x27;a grand peine elle pleure."
                    HPOS="306"
                    VPOS="2929"
                    WIDTH="2150"
                    HEIGHT="195"
                    WC="0.993205632103814"></String>
          </TextLine>

          
          
          <TextLine ID="eSc_line_eddb44a9"
                    TAGREFS="LT4361"
                    BASELINE="1053 3306 1820 3306" 
                    HPOS="1053"
                    VPOS="3178"
                    WIDTH="767"
                    HEIGHT="202">
            <Shape><Polygon POINTS="1053 3349 1093 3373 1097 3373 1100 3373 1103 3373 1150 3349 1349 3349 1386 3376 1389 3376 1393 3376 1396 3376 1399 3376 1477 3353 1547 3376 1551 3376 1554 3380 1756 3380 1756 3376 1759 3376 1820 3346 1820 3306 1820 3211 1743 3211 1736 3205 1706 3181 1702 3181 1699 3181 1696 3181 1692 3181 1642 3201 1625 3208 1564 3198 1440 3178 1436 3178 1433 3178 1406 3191 1379 3208 1295 3208 1272 3185 1265 3181 1265 3178 1261 3178 1258 3178 1255 3178 1251 3178 1231 3185 1201 3195 1053 3178 1053 3306"/></Shape>
	    <String CONTENT="Chanson .xlii."
                    HPOS="1053"
                    VPOS="3178"
                    WIDTH="767"
                    HEIGHT="202"
                    WC="0.999949510280903"></String>
          </TextLine>

          
          
          <TextLine ID="eSc_line_aa1cb909"
                    TAGREFS="LT4359"
                    BASELINE="753 3561 2429 3555" 
                    HPOS="747"
                    VPOS="3445"
                    WIDTH="1681"
                    HEIGHT="162">
            <Shape><Polygon POINTS="752 3556 752 3607 2423 3586 2428 3551 2418 3450 747 3445 752 3556"/></Shape>
	    <String CONTENT="On cueur se recommande a uous"
                    HPOS="747"
                    VPOS="3445"
                    WIDTH="1681"
                    HEIGHT="162"
                    WC="0.999644082168053"></String>
          </TextLine>

          
          
          <TextLine ID="eSc_line_e52ba056"
                    TAGREFS="LT4359"
                    BASELINE="750 3692 2601 3696" 
                    HPOS="747"
                    VPOS="3575"
                    WIDTH="1854"
                    HEIGHT="175">
            <Shape><Polygon POINTS="2587 3598 2419 3581 2416 3581 2412 3581 2409 3581 2409 3585 2395 3598 2392 3602 2291 3602 2288 3595 2264 3578 2264 3575 2261 3575 2258 3575 2160 3575 2157 3575 2153 3575 2150 3575 2123 3592 2113 3602 2022 3602 2008 3592 1982 3575 1978 3575 1975 3575 1971 3575 1968 3575 1931 3592 1908 3602 1534 3602 1521 3585 1510 3578 1510 3575 1507 3575 1504 3575 1352 3575 1349 3575 1346 3575 1342 3575 1332 3581 1312 3595 1194 3578 1147 3575 1144 3575 1140 3575 1130 3578 1080 3598 1026 3578 1019 3575 1016 3575 1012 3575 1009 3575 999 3578 922 3598 898 3578 898 3575 895 3575 891 3575 750 3575 750 3692 747 3716 979 3743 982 3743 985 3743 1036 3723 1080 3746 1083 3746 1086 3746 1090 3746 1137 3723 1140 3723 1248 3723 1258 3726 1295 3746 1298 3746 1302 3746 1305 3746 1309 3746 1335 3726 1359 3746 1362 3746 1366 3746 1369 3746 1457 3729 1497 3723 1706 3723 1729 3733 1756 3746 1759 3746 1763 3750 1874 3750 1874 3746 1877 3746 1897 3736 1921 3723 2089 3740 2163 3746 2167 3750 2597 3750 2601 3696 2597 3618 2587 3598"/></Shape>
	    <String CONTENT="Tout plein D&#x27;ennuy, et de Martire:"
                    HPOS="747"
                    VPOS="3575"
                    WIDTH="1854"
                    HEIGHT="175"
                    WC="0.991332558068362"></String>
          </TextLine>

          
          
          <TextLine ID="eSc_line_eb77ea1f"
                    TAGREFS="LT4359"
                    BASELINE="744 3796 1968 3814 2311 3837" 
                    HPOS="737"
                    VPOS="3692"
                    WIDTH="1570"
                    HEIGHT="192">
            <Shape><Polygon POINTS="1676 3692 742 3697 742 3793 737 3859 2297 3884 2307 3834 2302 3728 1681 3692 1676 3692"/></Shape>
	    <String CONTENT="Au moins en despit des Ialoux"
                    HPOS="737"
                    VPOS="3692"
                    WIDTH="1570"
                    HEIGHT="192"
                    WC="0.996656483617322"></String>
          </TextLine>

          
          
          <TextLine ID="eSc_line_40ef3280"
                    TAGREFS="LT4359"
                    BASELINE="302 3935 2079 3945" 
                    HPOS="299"
                    VPOS="3824"
                    WIDTH="1780"
                    HEIGHT="168">
            <Shape><Polygon POINTS="302 3935 299 3975 639 3968 730 3978 794 3985 797 3985 800 3985 824 3978 858 3968 878 3978 901 3988 905 3988 908 3992 1100 3992 1100 3988 1248 3975 1315 3972 1349 3975 1430 3988 1433 3988 1436 3988 1470 3975 1480 3972 1490 3975 1524 3992 1527 3992 1531 3992 1611 3975 1615 3975 1618 3975 1675 3992 1679 3992 1682 3992 1817 3975 1820 3975 1854 3992 1857 3992 1860 3992 2076 3972 2079 3945 2079 3854 1844 3830 1840 3830 1372 3847 1362 3847 1315 3827 1312 3827 1309 3827 1140 3847 1134 3847 1130 3847 1110 3827 1107 3827 1103 3827 938 3827 935 3827 932 3827 928 3827 898 3844 885 3827 881 3827 881 3824 878 3824 874 3824 871 3824 868 3824 814 3844 814 3847 639 3847 639 3844 592 3824 588 3824 585 3824 582 3824 578 3824 545 3844 538 3844 403 3824 400 3824 302 3840 302 3935"/></Shape>
	    <String CONTENT="Faictes qu&#x27;a Dieu uous puisse dire."
                    HPOS="299"
                    VPOS="3824"
                    WIDTH="1780"
                    HEIGHT="168"
                    WC="0.985326637540545"></String>
          </TextLine>

          
          
          <TextLine ID="eSc_line_9fbd8756"
                    TAGREFS="LT4359"
                    BASELINE="302 4059 2066 4072" 
                    HPOS="299"
                    VPOS="3955"
                    WIDTH="1767"
                    HEIGHT="165">
            <Shape><Polygon POINTS="302 4059 299 4093 390 4113 393 4113 632 4099 652 4099 673 4099 824 4116 827 4116 952 4103 982 4103 2059 4120 2066 4072 2062 3985 1884 3965 1881 3965 1877 3965 1823 3982 1820 3982 1780 3965 1776 3965 1773 3965 1551 3978 1547 3978 1514 3962 1510 3962 1507 3962 1288 3978 1261 3978 1251 3978 1187 3958 1184 3958 1181 3958 1083 3975 1080 3975 1073 3975 874 3958 871 3958 800 3975 790 3975 763 3975 609 3958 605 3958 484 3972 474 3972 471 3972 454 3955 450 3955 447 3955 444 3955 302 3968 302 4059"/></Shape>
	    <String CONTENT="Ma bouche, qui uous souloit rire,"
                    HPOS="299"
                    VPOS="3955"
                    WIDTH="1767"
                    HEIGHT="165"
                    WC="0.984195416623896"></String>
          </TextLine>

          
          
          <TextLine ID="eSc_line_92d8efb8"
                    TAGREFS="LT4359"
                    BASELINE="296 4197 1770 4197" 
                    HPOS="296"
                    VPOS="4093"
                    WIDTH="1474"
                    HEIGHT="158">
            <Shape><Polygon POINTS="296 4197 296 4227 652 4227 662 4231 686 4247 689 4247 693 4247 696 4247 787 4234 831 4227 898 4227 908 4234 918 4244 918 4247 922 4247 925 4247 928 4247 932 4247 972 4237 1006 4227 1036 4237 1066 4247 1070 4247 1073 4247 1248 4241 1571 4227 1591 4244 1591 4247 1595 4247 1598 4247 1601 4251 1770 4251 1770 4197 1770 4116 1669 4093 1665 4093 1574 4109 1487 4093 1484 4093 1480 4093 1477 4093 1447 4116 1359 4116 1288 4093 1285 4093 1282 4093 1278 4093 1241 4113 989 4113 942 4096 938 4096 935 4096 841 4113 784 4093 780 4093 777 4093 666 4113 625 4093 622 4093 619 4093 615 4093 531 4113 356 4093 353 4093 349 4093 296 4113 296 4197"/></Shape>
	    <String CONTENT="Et compter propos gracieux,"
                    HPOS="296"
                    VPOS="4093"
                    WIDTH="1474"
                    HEIGHT="158"
                    WC="0.995159564194856"></String>
          </TextLine>

          
          
          <TextLine ID="eSc_line_9f329b9f"
                    TAGREFS="LT4359"
                    BASELINE="296 4328 925 4315 2049 4321" 
                    HPOS="292"
                    VPOS="4214"
                    WIDTH="1757"
                    HEIGHT="154">
            <Shape><Polygon POINTS="296 4328 296 4368 430 4348 494 4365 498 4365 501 4365 504 4365 568 4348 602 4365 605 4365 609 4365 612 4365 673 4348 760 4365 767 4365 770 4365 773 4365 777 4365 777 4362 794 4348 1009 4362 1056 4365 1060 4365 1063 4365 1066 4365 1070 4362 1097 4348 1362 4348 1376 4358 1379 4362 1379 4365 1383 4365 1386 4365 1389 4365 1393 4365 1409 4358 1443 4348 1652 4348 1662 4358 1669 4362 1669 4365 1672 4365 1675 4365 1679 4365 2046 4352 2049 4321 2046 4231 1780 4214 1776 4214 1773 4214 1770 4214 1770 4217 1753 4231 1749 4237 1447 4237 1433 4234 1335 4214 1332 4214 1329 4214 1288 4234 1285 4237 1160 4237 1154 4234 1049 4214 1046 4214 814 4234 753 4214 750 4214 747 4214 662 4231 366 4214 363 4214 360 4214 292 4237 296 4328"/></Shape>
	    <String CONTENT="Ne faict maintenant que mauldire"
                    HPOS="292"
                    VPOS="4214"
                    WIDTH="1757"
                    HEIGHT="154"
                    WC="0.999624151736498"></String>
          </TextLine>

          
          
          <TextLine ID="eSc_line_8b8b2bea"
                    TAGREFS="LT4359"
                    BASELINE="302 4442 1652 4449 2180 4466" 
                    HPOS="299"
                    VPOS="4328"
                    WIDTH="1881"
                    HEIGHT="195">
            <Shape><Polygon POINTS="413 4328 410 4328 407 4328 302 4355 302 4442 299 4503 400 4500 403 4500 407 4500 407 4496 430 4476 598 4510 605 4510 609 4510 615 4510 710 4493 810 4510 814 4510 955 4479 996 4496 999 4496 1002 4496 1463 4486 1490 4510 1490 4513 1494 4513 1497 4513 1500 4513 1702 4486 1800 4520 1803 4520 1807 4520 1810 4523 1941 4523 1941 4520 1945 4520 1998 4490 2032 4520 2035 4520 2039 4520 2042 4523 2177 4523 2180 4466 2180 4375 2008 4355 2005 4355 1830 4368 1753 4338 1749 4338 1746 4338 1601 4355 1558 4338 1554 4338 1551 4338 1547 4338 1544 4338 1510 4368 1416 4368 1369 4335 1366 4335 1362 4335 1359 4335 1157 4352 999 4331 996 4331 992 4331 942 4358 784 4331 780 4331 777 4331 773 4331 740 4362 646 4362 602 4328 598 4328 595 4328 592 4328 588 4328 508 4355 417 4328 413 4328"/></Shape>
	    <String CONTENT="Ceulx, qui m&#x27;ont banny de uoz yeux."
                    HPOS="299"
                    VPOS="4328"
                    WIDTH="1881"
                    HEIGHT="195"
                    WC="0.981596163340977"></String>
          </TextLine>

          
          
          <TextLine ID="eSc_line_3239aa2e"
                    TAGREFS="LT4359"
                    BASELINE="299 4691 2153 4705" 
                    HPOS="296"
                    VPOS="4570"
                    WIDTH="1857"
                    HEIGHT="189">
            <Shape><Polygon POINTS="299 4691 296 4728 346 4749 349 4749 353 4749 356 4749 407 4732 824 4752 827 4752 1685 4742 1722 4759 1726 4759 1729 4759 2150 4738 2153 4705 2146 4597 2029 4607 2005 4594 2002 4590 1998 4590 1995 4590 1992 4590 1988 4590 1985 4590 1982 4594 1965 4607 1887 4590 1840 4584 1837 4584 1834 4584 1810 4590 1759 4607 1608 4587 1544 4580 1541 4580 1537 4580 1524 4587 1487 4604 1362 4584 1329 4580 1325 4580 1322 4580 1315 4584 1275 4604 1093 4604 1043 4580 1039 4580 1036 4580 1033 4580 1029 4580 996 4601 928 4577 925 4577 922 4577 918 4577 915 4577 911 4577 911 4580 888 4604 831 4604 807 4580 807 4577 804 4577 800 4577 699 4574 696 4574 693 4574 689 4574 659 4601 430 4601 403 4577 403 4574 400 4574 397 4574 299 4570 299 4691"/></Shape>
	    <String CONTENT="Banny i&#x27;en suis par faulx semblant:"
                    HPOS="296"
                    VPOS="4570"
                    WIDTH="1857"
                    HEIGHT="189"
                    WC="0.987987885872523"></String>
          </TextLine>

          
          
          <TextLine ID="eSc_line_f12b8272"
                    TAGREFS="LT4359"
                    BASELINE="299 4823 2261 4836" 
                    HPOS="296"
                    VPOS="4718"
                    WIDTH="1965"
                    HEIGHT="179">
            <Shape><Polygon POINTS="299 4823 296 4860 393 4883 397 4883 528 4866 572 4860 592 4866 639 4883 642 4883 646 4883 918 4873 1137 4863 1197 4876 1245 4886 1248 4886 1251 4886 1255 4886 1255 4883 1265 4876 1282 4863 1339 4880 1346 4880 1349 4880 1352 4880 1383 4880 1655 4866 1692 4886 1702 4890 1706 4890 1709 4893 1709 4890 1712 4890 1722 4886 1759 4866 1844 4866 1864 4886 1867 4890 1867 4893 1871 4893 1874 4893 1877 4897 2258 4897 2261 4836 2261 4749 2207 4728 2204 4728 2200 4728 1975 4749 1968 4749 1965 4749 1941 4728 1938 4728 1934 4728 1931 4728 1386 4745 1329 4745 1325 4745 1272 4722 1268 4722 1265 4722 1167 4742 1167 4745 982 4745 979 4742 962 4725 959 4725 955 4725 952 4725 521 4738 481 4738 477 4738 450 4718 447 4718 444 4718 440 4718 299 4735 299 4823"/></Shape>
	    <String CONTENT="Mais pour nous ueoir encor ensemble,"
                    HPOS="296"
                    VPOS="4718"
                    WIDTH="1965"
                    HEIGHT="179"
                    WC="0.998503756191995"></String>
          </TextLine>

          
          
          <TextLine ID="eSc_line_edf44239"
                    TAGREFS="LT4359"
                    BASELINE="306 4954 1864 4954" 
                    HPOS="306"
                    VPOS="4853"
                    WIDTH="1558"
                    HEIGHT="161">
            <Shape><Polygon POINTS="306 4954 306 4984 417 5008 420 5008 424 5008 427 5008 457 4987 461 4987 582 4987 585 4991 619 5011 622 5011 625 5011 629 5011 763 4994 821 4987 982 4987 999 4997 1026 5011 1029 5011 1033 5011 1097 5001 1147 4991 1376 5004 1504 5011 1507 5011 1537 5008 1659 4987 1689 5011 1692 5011 1696 5011 1699 5014 1864 5014 1864 4954 1864 4870 1541 4853 1537 4853 1534 4853 1490 4870 1484 4873 1480 4870 1460 4853 1457 4853 1453 4853 1366 4853 1362 4853 1359 4853 1356 4853 1332 4870 1325 4876 1211 4876 1204 4870 1167 4853 1164 4853 1046 4853 1043 4853 1039 4853 1036 4853 1036 4856 1019 4873 1016 4876 925 4876 922 4873 881 4853 878 4853 874 4853 871 4853 868 4853 868 4856 848 4873 848 4876 713 4876 706 4873 548 4853 545 4853 541 4853 538 4853 514 4876 420 4876 363 4853 360 4853 356 4853 353 4853 306 4873 306 4954"/></Shape>
	    <String CONTENT="Fault que me soiez ressemblant"
                    HPOS="306"
                    VPOS="4853"
                    WIDTH="1558"
                    HEIGHT="161"
                    WC="0.973889823754629"></String>
          </TextLine>

          
          
          <TextLine ID="eSc_line_19389a36"
                    TAGREFS="LT4359"
                    BASELINE="299 5092 1716 5078" 
                    HPOS="296"
                    VPOS="4967"
                    WIDTH="1420"
                    HEIGHT="199">
            <Shape><Polygon POINTS="299 5092 299 5155 720 5162 723 5162 800 5145 844 5135 854 5145 878 5162 881 5162 885 5162 888 5166 1006 5166 1006 5162 1009 5162 1012 5162 1039 5139 1053 5132 1332 5132 1335 5132 1372 5155 1376 5155 1379 5155 1383 5159 1490 5159 1490 5155 1716 5122 1716 5078 1709 4994 1605 4967 1601 4967 1477 4991 1470 4991 1440 4967 1436 4967 1433 4967 1430 4967 1426 4967 1369 4991 1352 4997 1208 4997 1201 4987 1184 4974 1184 4971 1181 4971 1177 4971 1174 4971 1070 4987 996 5001 854 5001 827 4984 804 4974 800 4974 797 4974 794 4974 757 4984 720 4994 699 4984 686 4974 683 4974 679 4974 676 4974 296 4977 299 5092"/></Shape>
	    <String CONTENT="De fermete: car il me semble"
                    HPOS="296"
                    VPOS="4967"
                    WIDTH="1420"
                    HEIGHT="199"
                    WC="0.993450273360525"></String>
          </TextLine>

          
        </TextBlock>
        
        <TextBlock HPOS="346"
                   VPOS="3456"
                   WIDTH="360"
                   HEIGHT="383"
                   ID="eSc_textblock_008cb20a"
                   TAGREFS="BT11069">
          <Shape><Polygon POINTS="346 3456 346 3839 706 3839 706 3456"/></Shape>
          
          
          <TextLine ID="eSc_line_80418eaf"
                    TAGREFS="LT4360"
                    BASELINE="339 3790 699 3795" 
                    HPOS="333"
                    VPOS="3420"
                    WIDTH="363"
                    HEIGHT="409">
            <Shape><Polygon POINTS="686 3829 696 3793 691 3445 484 3465 343 3420 338 3788 333 3824"/></Shape>
	    <String CONTENT="M"
                    HPOS="333"
                    VPOS="3420"
                    WIDTH="363"
                    HEIGHT="409"
                    WC="0.999999403953552"></String>
          </TextLine>

          
        </TextBlock>
        

        
      </PrintSpace>
    </Page>
  </Layout>
</alto>
