4267 5983
1237 2752 315 399 C

1243 651 1221 166 Languist de mesme sorte.

1270 784 1869 169 Tous ces maulx nous faict recepuoir

1250 897 905 166 Enuie deceuante,

1247 1027 1643 169 Qui ne permect nous entreueoir,

1247 1143 1177 186 Et d'en parler se uante.

1243 1366 1610 199 Aussi Danger faulx blason neur

1250 1509 1260 176 Tient rigueur a la Belle,

1250 1635 1413 169 Car il menasse son honneur,

1277 1748 1283 179 S'il me ueoit aupres d'elle.

1243 1881 1770 173 Mais plus tost loing ie me tiendray,

1243 2007 1314 170 Qu'il en uienne nuysance:

1243 2123 1417 180 Et a son honneur entendray,

1247 2250 1443 196 Plus tost qu'a ma plaisance.

1769 2492 848 180 Chanson .xxxii.

1572 2692 2156 214 Hangeons propos, cest trop chanté d'amours:

1572 2891 2141 150 Ce sont clamours, chantons de la Serpette:

1577 2996 1766 160 Tous Uignerons ont a elle recours,

1257 3121 2072 166 Cest leur secours pour tailler la Uignette.

1260 3244 1716 162 O Serpillete, o la Serpillonnette,

1243 3367 1770 159 La Uignollette est par toy mise sus,

1243 3490 2205 169 Dont les bons Uins tous les ans sont yssus.

1240 3726 2278 179 Le Dieu Uulcain forgeron des haults Dieux,

1250 3862 2122 159 Forgea aux Cieulx la Serpe bien taillante

1240 3991 1896 153 De fin acier trempé en bon uin uieulx,

1237 4114 2115 157 Pour tailler mieulx, ⁊ estre plus uaillante:

1240 4237 1989 160 Bacchus la uante, ⁊ dit qu'elle est seante,

1240 4360 1663 153 Et conuenante a Noe le bonshom

1243 4487 1866 179 Pour en tailler la Uigne en la saison.

1230 4713 2022 183 Bacchus alors Chapeau de treille auoit,

1233 4856 1733 209 Et arriuoit pour benistre la Uigne;
