4267 6075
2153 506 621 172 Fueil .lxiiii.

891 486 685 167 Rondeaulx.

293 1584 424 382 M

320 644 2637 220 Pleust or a Dieu, ⁊ Monseigneur Sainct George,

313 786 1888 172 Que tout baston eust esté en la Forge

313 918 1752 189 Alors, qu'il fut ainsi nauré a mort

1066 1042 1060 179 D'ung coup d'estoc.

1032 1285 1283 206 A ung Poëte Francoys.

742 1545 1992 196 Ieulx resonnant, qu'a bien louer facile,

715 1694 1735 148 Est ton renom uolant du domicile

750 1812 1702 162 Palladial uers la Terrestre gent:

310 1944 2221 178 Puis uers les Cieulx, dont as le tiltre gent

303 2079 1864 182 D'Aigle moderne, a suyure difficile.

310 2332 1945 172 Ie dy moderne, antique en facon mille:

303 2473 1985 162 Ce qui pres toy me rend bas, ⁊ humile,

300 2595 2491 186 D'autant que Plomb est plus sourd que l'Argent

1076 2730 1023 165 Mieulx resonnant.

435 2845 1978 179 Ainsi ma plume, en qui bourbe distille,

300 2983 1877 165 Ueult esclarcir londe claire, et utile,

303 3111 1749 156 Dont le grauier est assez refulgent

303 3240 2076 168 Pour troubler l'Oeil de l'esprit indigent,

303 3375 1908 172 Oui en tel cas a besoing d'aultre stile

1059 3503 1047 175 Mieulx resonnant.

769 3739 1685 203 Au seigneur Theocrenus, lisant

1222 3888 837 175 a ses Disciples.

597 4120 1794 203 Lus proffitable est de t'escouter lire.

608 4267 1804 172 Que d'Apollo ouyr toucher la Lyre,

616 4389 2059 166 Ou ne se prend plaisir que pour lO'reille:

310 4536 2073 162 Mais en ta Langue ornée, ⁊ nompareille

307 4660 2012 183 Chascun y peult plaisir, et fruict eslire.

303 4900 2252 179 Ainsi dautant qu'un Dieu doibt faire, ⁊ dire

327 5049 2488 216 Mieulx qu'un Mortel, chose ou n'ayt que redire.

304 4174 289 382 P
