4267 6025
2073 465 613 174 Fueil .lxiii.

944 482 654 165 Rondeaulx.

286 858 291 397 T

1001 612 1176 211 De labsent de l'Amye.

598 793 2357 231 Out au rebours (dont conuient que languisse)

598 964 2357 205 Uiẽt mon uouloir: car de bon cueur uous ueisse,

583 1084 1854 176 Et ie ne puis par deuers uous aller.

291 1215 2097 200 Chante, qui ueult: balle, qui ueult baller,

291 1345 1882 208 Ce seul plaisir seulement ie uoulsisse:

294 1526 2000 221 Et s'on me dit, qu il fault que ie choisisse

301 1680 1819 201 De par deca Dame, qui m'esiouisse,

311 1810 1658 191 Ie ne scaurois me tenir de parler

693 1934 934 174 Tout au rebours.

324 2041 2224 215 Si respons franc, i'ay Dame sans nul uice,

301 2192 1999 181 Aultre n'aura en Amours mon seruice:

318 2316 1577 191 Ie la desire, ⁊ soubhaitte uoller,

314 2433 2167 194 Pour l'aller ueoir, ⁊ pour nous consoller:

311 2567 2405 217 Mais mes soubhaitz uont, comme l'Escreuice,

833 2711 965 164 Tout au rebours.

890 2892 1203 197 De l'Amant doloreux.

643 3062 1985 226 Uant mes iours mort me fault encourir

639 3226 2030 188 Par ung regard, dont m'as uoulu ferir,

648 3358 1859 176 Et ne te chault de ma griefue tristesse:

334 3487 1970 188 Mais n'est ce pas a toy grande rudesse,

331 3608 1899 231 Ueu que tu peulx si bien me secourir?

338 3832 1862 221 Aupres de leau me fault de soif perir,

351 3996 1742 188 Ie me uoy ieune, ⁊ en aage fleurir,

348 4113 2013 204 Et si me monstre estre plein de uieillesse

857 4264 954 157 Auant mes iours.

371 4368 1986 194 Or si ie meurs, ie ueulx Dieu requerir,

365 4502 2026 187 Prendre mon Ame: ⁊ sans plus enquerir,

371 4612 2402 211 Ie donne aux uers mon Corps plein de foiblesse.

385 4749 2143 201 Quant est du Cueur, du tout ie le te laisse,

381 4890 1829 227 Ce nonobstant que me fasses mourir

884 5027 934 191 Auant mes iours.

306 3168 307 371 A
