4267 5983
1277 1799 315 419 T

1247 465 1869 189 Daultant il fault estimer ta merueille

1982 591 891 176 Plus proffitable.

1253 714 2175 176 Brief, si dormir plus que ueiller peult nuyre,

1267 854 2042 149 Tu doibs en loz par sus Mercure bruyre,

1260 980 2009 153 Car il endort l'Oeil de celluy, qui ueille,

1260 1093 1733 163 Et ton parler les endormis esueille.

1267 1219 2012 180 Pour quelcque iour a repos les conduyre

2005 1342 881 163 Plus proffitable.

1915 1572 1254 183 A Estienne du Temple.

1592 1784 1676 210 Ant est subtilz et de grande efficace

1587 1944 1926 174 Le tien esprit, qu'il n'est homme qui face

1606 2084 1962 154 Chose qui plus honneur, et loz conserue:

1287 2193 2534 183 Et ce qu'as faict, Roy, Seigneur, Serf, ne Serue

1303 2330 1869 172 Ne le feit onc: ie metz Raison en face.

1423 2549 1892 183 Qui ueult descendre en la uallee basse,

1313 2692 2036 166 Monte doibt estre auant en haulte place:

1303 2835 2056 166 Mais ton esprit tout le contraire obserue,

2045 2941 825 180 Tant est subtil.

1307 3174 2098 179 Descendu es des Temples, quant a race:

1303 3313 2142 177 Et puis monte au Temple, quant a grace.

1323 3430 2002 176 Ie dy au Temple excellent de Minerue.

1307 3559 2012 177 Brief, ton descendre est dantique reserue,

1310 3692 1866 170 Et ton monter le Ciel cristallin passe,

2061 3802 799 170 Tant est subtil.

1859 4035 1503 202 Estienne Clauier a Clement

2397 4181 466 183 Marot.

1626 4362 1807 244 Our bien louer une chose tant digne,

1636 4552 2131 184 Comme ton sens, il fault scauoir condigne,

1631 4656 1957 200 Mais moy pauuret d'esprit, ⁊ de scauoir

1330 4809 2005 226 Ne puis attaindre a si hault concepuoir:

1332 4422 274 424 P

3638 4899 329 193 Dont
