4267 5983
1327 1495 314 424 T

1336 638 1477 163 Qui ne m'ouurist le Paradis

1350 757 1606 180 De iouyssance, ou grace abonde

1822 890 1154 186 Plus qu'en aultre lieu.

1909 1113 1426 203 De celluy, qui ne pense qu'en

2430 1266 434 214 s'Amye.

1646 1445 1942 215 Outes les nuyctz ie ne pense qu'en celle,

1646 1618 2012 180 Qui a le Corps plus gent qu'une pucelle

1651 1750 1972 189 De quatorze ans, sur le poinct d'enrager,

1343 1874 1989 166 Et au dedans ung cueur (pour abreger)

1343 1991 2102 199 Autant ioyeux qu'eut oncque Damoyselle.

1343 2227 2069 189 Elle a beau tainct, ung parler de bonzelle,

1350 2366 1939 173 Et le Tetin rond comme une Grozelle:

1353 2492 1849 190 N'ay ie donc pas bien cause de songer

2088 2615 968 163 Toutes les nuictz?

1360 2735 2125 173 Touchant son cueur ie l'ay en ma cordelle,

1353 2858 1959 170 Et son Mary n'a sinon le Corps d'elle:

1353 2988 2175 176 Mais toutesfois, quand il uouldra changer,

1363 3117 1806 167 Prenne le Cueur: et pour le soulager

1360 3237 2122 189 I'auray pour moy le gent Corps de la belle

2081 3360 968 179 Toutes les nuictz.

1769 3586 1766 219 De celluy, qui entra de Nuict chez

2450 3729 439 199 s'Amye.

1706 3958 1962 190 E nuict, ⁊ iour fault estre aduentureux,

1716 4078 2236 209 Qui d'amours ueult auoir biens plantureux:

1721 4218 2241 209 Quant est de moy, ie n'euz onc crainte d'ame,

1373 4367 2095 166 Fors seulement, en entrant chez ma Dame,

1370 4490 2032 196 D'estre aperceu des Langars dangereux.

1366 4719 2013 197 Ung soir bien tard me feirent si paureux,

1366 4852 2239 236 Qu'aduis m'estoit, qu'il estoit iour pour eulx:

1357 4035 367 367 D

3618 4972 376 189 Mais
