4267 5975
1360 2693 329 409 C

1381 531 2281 182 Ou tout plaisir, quand pour son sang espendre

1374 660 1717 176 Ie me uoy hors de l'infernale presse.

1378 879 1866 189 Ie riray donc: non, ie prendray tristesse.

1391 1029 1544 162 Tristesse? ouy. dis ie toute liesse.

1371 1145 2049 186 Brief, ie ne scay bonnement lequel prendre,

2091 1281 870 172 Dueil ou plaisir.

1378 1516 2447 196 Tous deux sont bons, selon que Dieu nous dresse:

1361 1659 1869 170 Ainsi la mort, qui le saulueur oppresse,

1364 1782 2238 166 Faict sur nos cueurs dueil, ⁊ plaisir descendre:

1371 1905 2205 169 Mais nostre mort, qui en fin nous fait cendre,

1374 2021 2179 183 Tant seulement l'ung, ou l'autre nous laisse,

2088 2157 870 223 Dueil ou plaisir.

1779 2474 1635 174 De la Conception nostre Dame.

1704 2713 1705 159 Omme Nature est en peche ancrée

1709 2838 1855 169 Par art d'enfer: grace, qui nous recrée

1699 2962 1710 174 Par art du ciel, Marie en garentit,

1361 3080 1823 173 Car aultrement cil qui se y consentit,

1361 3206 1780 166 Ne l'ust iamais a son Filz consacrée.

1361 3438 1949 190 Mais il peult tout, ⁊ ueult ⁊ luy aggrée.

1348 3578 1620 156 Qu'un filz sacré aye mere sacree:

1351 3704 1464 166 Ce qu'elle fut, ⁊ uice ne sentit,

2078 3827 897 146 Comme Nature.

1341 3940 1604 169 Nature trop de fol desir oultrée,

1338 4076 1351 152 Est en peché originel entrée,

1328 4185 2082 186 Et sans Baptesme onc homme n'en partit.

1334 4311 1860 183 Mesmes iamais la Uierge n'en sortit,

1324 4451 1468 153 Aussi iamais elle n'y fit entree

2048 4574 894 176 Comme Nature.
