4267 5975
1445 1414 204 368 S

1414 511 1438 166 D'en dessirer robe, ⁊ ceinture,

1417 634 1226 152 Crier, ⁊ faire telz efforts,

1444 753 1468 169 Tout cela ne sert de riens, fors

1421 886 1325 166 Aplus in digner la nature

2075 1002 674 159 De Fortune.

1789 1195 1172 182 Du confict en douleur.

1664 1364 1820 184 I i'ay du mal, maulgre moy ie le porte,

1679 1513 1810 140 Et s'ainsi est, qu'aulcun me reconforte,

1679 1603 2044 184 Son reconfort ma douleur point n'appaise:

1441 1746 1892 152 Uoyla comment ie languis en mal aise

1447 1862 1750 172 Sans nul espoir de liesse plus forte.

1437 2094 2062 176 Et fault qu'ennuy iamais de moy ne sorte,

1451 2237 1763 149 Car mon estat fut faict de telle sorte,

1444 2346 2202 173 Des que fuz né. Pourtant ne uous desplaise,

2088 2482 771 166 Si iay du mal.

1451 2708 2121 179 Quand ie mourray, ma douleur sera morte,

1457 2851 2125 156 Mais ce pendant mon poure cueur supporte

1461 2974 2022 156 Mes tristes iours en Fortune mauluaise:

1454 3090 2075 169 Dont force m'est que mon ennuy me plaise.

1451 3216 1876 169 Et ne fault plus que ie me desconforte,

2095 3346 813 156 Si i'ay du mal.

1949 3581 1451 219 Rondeau par contradictions.

1769 3824 1540 169 N esperant, espoir me desespere,

1764 3948 1904 174 Tant que la mort m'est uie tresprospere,

1779 4092 1864 160 Me tourmentant de ce, qui me contente

1467 4205 1943 160 Me contentant de ce qui me tourmente:

1461 4328 1916 176 Pour la douleur du soulas que i'espere:

1457 4564 1949 166 Amour hayneuse en aigreur me tempere.

1467 4703 1866 206 Puis temperance aspre comme Uipere

1470 3833 284 404 E
