4267 5958
1366 903 263 402 P

2088 413 1113 205 CHANSONS.

2098 658 987 222 Chanson premiere.

1649 839 1897 273 Laisir ie n'ay plus, mais uy en desconfort,

1639 1067 1798 144 Fortune m'a remis en grand douleur:

1634 1176 2012 194 L'heur que i'auoys, est tourné en malheur,

1356 1285 1962 219 Malheureux est, qui n'a aulcun confort.

1363 1545 1752 199 Fort suis dolent, ⁊ regret me remord,

1360 1684 1751 162 Mort m'a oste ma Dame de ualeur,

1350 1827 2016 159 L'heur que i'auoys, est tourné en malheur:

1353 1936 1957 175 Malheureux est, qui n'a aulcun confort.

1347 2177 1963 173 Ualoir ne puis, en ce Monde suis mort,

1353 2300 2400 179 Morte est m'amour, dont suis en grand langueur,

1350 2429 1844 169 Langoreux suis plein d'amere liqueur,

1350 2555 1857 179 Le cueur me part pour sa dolente mo◊

2055 2790 642 185 Chanson .ii.

1574 3038 1838 174 Ecourez moy, ma Dame par amours,

1594 3162 1977 174 Ou aultrement la Mort me uient querir.

1579 3301 1932 149 Aultre que uous ne peult donner secours

1334 3415 1880 166 A mon las cueur, lequel sen ua mourir.

1340 3541 1748 156 Helas, Helas, uueillez donc secourir

1337 3654 2165 182 Celluy, qui uit pour uous en grand destresse,

1334 3783 2022 189 Car de son cueur uous estes la maistresse.

1334 4034 1910 179 Si par aymer, ⁊ souffrir nuictz et iours,

1330 4180 1725 169 L'amy desser ce, qu'il uient requerir,

1327 4303 2019 168 Dictes, pourquoy faictes si longs seiours

1320 4432 1864 165 A me donner ce, que tant ueulx cherir?

1327 4554 1675 166 O noble fleur, la isserez uous perir,

1324 4677 1853 165 Dostre Seruant, par faulte de lyesse?

1330 4799 2106 199 Ie croy qi en uous na point tant de rudesse.

1346 3068 208 357 S
