4267 5983
1232 952 305 419 B

1539 611 1936 203 Aux Damoyselles paresseuses d'escrire

2171 751 745 166 a leurs Amys.

1557 952 1761 194 On iour: ⁊ puis, quelles nouuelles?

1562 1106 1577 160 N en scauroit on de uous auoir?

1557 1241 1661 179 S'en brief ne m'en faictes scauoir,

1247 1349 1453 183 I'en feray de toute nouuelles.

1247 1585 1573 170 Puis que uous estes si rebelles,

1243 1715 1899 199 Bon Uespre, bonne Nuict, bon Soir,

1982 1868 512 142 Bon iour.

1240 1954 1846 186 Mais si uous cueillez des Groiselles,

1237 2097 1683 153 Enuoyez m'en: car pour tout uoir,

1243 2217 1816 169 Ie suis gros, mais c'est de uous ueoir

1240 2343 1796 176 Quelcque matin mes Damoyselles:

1965 2479 555 156 Bon iour.

1622 2645 1806 180 De celluy, qui nouuellement a receu

2028 2785 955 163 Lettres de s'Amye.

1603 2944 1676 183 Mon desir d'un fort singulier estre

1599 3087 2209 170 Nouueaulx escriptz on ma faict apparoistre,

1621 3205 2181 205 Qui m'ont rauy, tant qu il fault que par eulx

1223 3330 1667 170 Aye Lyesse, ou E nnuy langoreux:

1230 3450 2401 199 Pour l'ung, ou l'autre Amour si ma faict naistre.

1223 3689 2432 193 Cest par ung cueur, que du mien iay faict maistre,

1213 3832 1959 153 Uoyant en luy toutes uertus accroistre:

1213 3955 2023 176 Et ne crains fors, qu'il soit trop rigoreux

1948 4081 632 160 A mon desir.

1203 4184 2069 173 Cest une Dame en faictz, et dictz adextre,

1210 4327 1833 163 Cest une Dame ayant la sorte d'estre

1210 4454 2042 162 Fort bien traictant ung loyal Amoureux.

1213 4570 2096 176 Pleust or a Dieu, que feusse assez heureux,

1213 4706 2269 193 Pour quelcque iour l'esprouuer, et congnoistre

1852 4842 642 170 A mon desir.

1227 2961 355 389 A
