4267 6021
1224 1545 176 421 I

1251 709 1981 170 Mais on scait bien, si ie dy uray, ou non.

1251 829 1597 164 Brief, il ne fut en louable renom

1248 960 1861 167 Depuis mille ans une telle Duchesse,

1753 1080 1021 171 Sans rien blasmer.

1606 1274 1693 164 A ses Amys, ausquelz on rapporta

1880 1391 1085 167 qu'il estoit prisonnier.

1400 1540 1863 216 L n'en est rien, de ce qu'on uous reuelle,

1380 1690 2018 176 Ceulx qui l'ont dit, ont faulte de ceruelle,

1420 1816 1657 165 Car en mon cas il n'y a mesprison,

1231 1953 1777 161 Et par dedans ne uy iamais prison:

1231 2077 2058 174 Doncques Amys l'ennuy qu'auez, ostez le.

1224 2308 2269 177 Et uous Causeurs pleins d'enuie immortelle,

1228 2448 2014 171 Qui uouldriez bien que la chose fust telle,

1231 2575 1834 171 Creuez de dueil, de despit, ou poison:

1740 2699 749 164 Il n'en est rien.

1228 2809 1723 188 Ie rys, ie chante en ioye solennelle,

1231 2946 1911 174 Ie sers ma Dame, ⁊ me consolle en elle.

1234 3077 2008 164 Ie rime en Prose (⁊ peult estre en raison)

1228 3201 1857 167 Ie sors dehors, ie rentre en la maison:

1228 3318 2078 187 Ne croyez pas doncques laultre nouuelle,

1723 3448 750 181 Il n'en est rien.

1398 3666 2075 214 D'ung qui se plainct de Mort, ⁊ d'Enuie.

1601 3888 2068 236 Epuis quatre ans faulx Rapport uitieux,

1606 4059 1662 175 Et de la Mort le dard pernicieux

1601 4189 2229 166 Ont faict sur moy tomber maint grand orage:

1218 4318 2162 167 Mais l'ung des deux ◊'a naure en courage

1221 4452 2299 157 Trop plus que l'autre, ⁊ en bien plus de lieux.

1224 4569 2032 164 Touchant Rapport, en despit de ses ieux

1224 4696 1854 164 Ie uy tousiours riche, sain, ⁊ ioyeux,

1221 4816 2456 198 Combien qu'a tort il m'ayt faict grand dommage

1723 4953 1044 215 Depuis quatre ans.

1224 3943 357 402 D
