4267 5962
2000 483 650 192 Fueil .lxxx.

1040 476 633 179 Chansons.

303 1873 348 407 D

318 635 2123 176 Uostre rigueur me feit plusieurs destours,

314 781 2067 149 Quand au premier ie uous uins requerir:

311 897 2292 169 Mais Bel Acueil ma faict d'assez bons tours,

308 1026 1961 156 En me laissant maint baiser conquerir.

308 1152 1875 162 Las uos baisers ne me scauent guerir,

314 1275 2372 198 Mais uont croissant l'ardant feu, qui me presse:

311 1404 1832 189 Iouyssance est ma medecine expresse.

1036 1636 699 182 Chanson .iii.

675 1884 1832 222 Ieu gard ma Maistresse, et Regente,

686 2032 1367 159 Gente de corps, et de facon,

681 2166 1706 198 Son cueur tient le mien en sa tente

321 2278 1723 166 Tant et plus d'ung ardant frisson.

318 2414 1782 169 S'on moyt poulser sur ma chanson

321 2537 1822 172 Son de uoix, ou Harpes doulcettes,

311 2663 1613 165 Cest Espoir, qui sans marrisson

311 2795 1620 162 Songer me faict en amourettes.

308 3024 1480 162 La blanche Colombelle belle.

314 3173 1577 159 Souuent ie uoys priant, criant,

314 3289 1587 149 Mais dessoubz la cordelle d'elle

314 3418 1537 165 Me gette ung oeil friant riant,

314 3557 1637 156 En me consommant, et sommant

311 3676 1534 152 A douleur, qui ma face efface:

318 3795 1590 149 Dont suis le reclamant amant,

314 3924 1617 179 Oui pour loultrepasse trespasse.

311 4176 1769 166 Dieu des Amans de mort me garde,

318 4309 1752 155 Me gardant, donne moy bon heur,

314 4435 1783 149 En le me donnant, prens ta Darde,

314 4560 1607 149 En la prenant, naure son cueur,

308 4686 1663 156 En le naurant, me tiendras seur,

314 4815 1686 159 En seurte, suyuray l'accointance,

311 4935 1676 192 En l'accoinctant, ton Seruiteur
