<?xml version="1.0" encoding="UTF-8"?>
<alto xmlns:xsi="http://www.w3.org/2001/XMLSchema-instance"
      xmlns="http://www.loc.gov/standards/alto/ns-v4#"
      xsi:schemaLocation="http://www.loc.gov/standards/alto/ns-v4# http://www.loc.gov/standards/alto/v4/alto-4-2.xsd">
  <Description>
    <MeasurementUnit>pixel</MeasurementUnit>
    <sourceImageInformation>
      <fileName>Les_Oeuvres_de_Clément_Marot_Gallica_bpt6k87118420.pdf_page_12.png</fileName>
      <fileIdentifier>pdf//Les_Oeuvres_de_Clément_Marot_Gallica_bpt6k87118420.pdf</fileIdentifier>
    </sourceImageInformation>
  </Description>
  
  <Tags>
    <OtherTag ID="BT11071" LABEL="MainZone" DESCRIPTION="block type MainZone"/><OtherTag ID="BT11070" LABEL="GraphicZone" DESCRIPTION="block type GraphicZone"/><OtherTag ID="BT11069" LABEL="DropCapitalZone" DESCRIPTION="block type DropCapitalZone"/><OtherTag ID="BT11068" LABEL="DamageZone" DESCRIPTION="block type DamageZone"/><OtherTag ID="BT11078" LABEL="TitlePageZone" DESCRIPTION="block type TitlePageZone"/><OtherTag ID="BT11077" LABEL="StampZone" DESCRIPTION="block type StampZone"/><OtherTag ID="BT11076" LABEL="RunningTitleZone" DESCRIPTION="block type RunningTitleZone"/><OtherTag ID="BT11075" LABEL="QuireMarksZone" DESCRIPTION="block type QuireMarksZone"/><OtherTag ID="BT11074" LABEL="NumberingZone" DESCRIPTION="block type NumberingZone"/><OtherTag ID="BT11073" LABEL="MarginTextZone:handwrittenAddition" DESCRIPTION="block type MarginTextZone:handwrittenAddition"/><OtherTag ID="BT11072" LABEL="MarginTextZone" DESCRIPTION="block type MarginTextZone"/>
    <OtherTag ID="LT4362" LABEL="default" DESCRIPTION="line type default"/><OtherTag ID="LT4359" LABEL="DefaultLine" DESCRIPTION="line type DefaultLine"/><OtherTag ID="LT4361" LABEL="HeadingLine" DESCRIPTION="line type HeadingLine"/><OtherTag ID="LT4360" LABEL="DropCapitalLine" DESCRIPTION="line type DropCapitalLine"/>
  </Tags>
  
  <Layout>
    <Page WIDTH="4267"
          HEIGHT="6200"
          PHYSICAL_IMG_NR="3"
          ID="eSc_dummypage_">
      <PrintSpace HPOS="0"
                  VPOS="0"
                  WIDTH="4267"
                  HEIGHT="6200">
        
        <TextBlock HPOS="1239"
                   VPOS="455"
                   WIDTH="2753"
                   HEIGHT="4416"
                   ID="eSc_textblock_01e34138"
                   TAGREFS="BT11071">
          <Shape><Polygon POINTS="1239 455 1250 4871 3960 4860 3992 455"/></Shape>
          
          
          <TextLine ID="eSc_line_3ccc4204"
                    TAGREFS="LT4359"
                    BASELINE="1258 578 3943 571" 
                    HPOS="1254"
                    VPOS="468"
                    WIDTH="2689"
                    HEIGHT="158">
            <Shape><Polygon POINTS="3908 492 3874 492 3839 492 3805 492 3770 492 3736 492 3701 492 3667 492 3632 492 3598 489 3563 489 3529 489 3494 489 3460 489 3426 489 3391 489 3357 489 3322 489 3288 485 3253 485 3222 485 3219 489 3050 489 2860 489 2822 482 2805 482 2771 482 2736 482 2702 482 2667 482 2633 482 2616 478 2553 489 2547 489 2536 489 2474 478 2460 478 2426 478 2392 478 2388 478 2378 489 2347 478 2323 478 2292 475 2195 489 2147 475 2116 475 2092 475 2050 489 2023 475 2012 475 1985 475 1968 489 1888 471 1885 471 1881 471 1847 489 1812 471 1806 471 1771 471 1737 471 1702 471 1668 471 1633 471 1599 468 1564 468 1530 468 1519 468 1516 468 1254 492 1258 578 1258 626 1389 606 1516 623 1519 623 1606 606 1795 623 1799 623 2278 606 2398 623 2402 623 2405 623 2454 606 2674 620 2678 620 2774 602 3936 620 3943 571 3936 492 3908 492"/></Shape>
	    <String CONTENT="quand ie uous donnay mes copies. Or ne suis ie seul,"
                    HPOS="1254"
                    VPOS="468"
                    WIDTH="2689"
                    HEIGHT="158"
                    WC="0.995988284166043"></String>
          </TextLine>

          
          
          <TextLine ID="eSc_line_10873100"
                    TAGREFS="LT4359"
                    BASELINE="1261 702 3953 695" 
                    HPOS="1258"
                    VPOS="589"
                    WIDTH="2695"
                    HEIGHT="161">
            <Shape><Polygon POINTS="1261 702 1261 730 1364 750 1368 750 1461 733 1464 733 1471 733 1754 750 1757 750 1874 733 1888 733 1995 733 2591 747 2595 747 2598 747 2602 747 2602 744 2612 737 2619 730 2636 737 2671 747 2674 747 2678 747 3953 740 3953 695 3946 609 3825 589 3822 589 3818 589 3746 606 3243 589 3239 589 3136 606 3115 589 3112 589 3108 589 2605 589 2602 589 2598 589 2543 609 2536 609 2522 609 2436 592 2433 592 2357 609 2347 609 2340 609 2309 592 2305 592 2302 592 2298 592 2247 609 2236 613 1768 613 1761 609 1730 592 1726 592 1723 592 1258 606 1261 702"/></Shape>
	    <String CONTENT="a qui ce bon tour a este faict. Si Alain Charretier ui¬"
                    HPOS="1258"
                    VPOS="589"
                    WIDTH="2695"
                    HEIGHT="161"
                    WC="0.989960404959592"></String>
          </TextLine>

          
          
          <TextLine ID="eSc_line_601b9ce8"
                    TAGREFS="LT4359"
                    BASELINE="1268 826 3946 819" 
                    HPOS="1264"
                    VPOS="719"
                    WIDTH="2682"
                    HEIGHT="166">
            <Shape><Polygon POINTS="1268 826 1268 885 1519 861 1706 878 1709 878 1713 878 1716 878 1747 861 2068 861 2157 874 2198 881 2202 881 2205 881 2223 874 2261 861 2374 874 2457 881 2460 881 2464 881 2485 871 2509 861 2581 871 2636 878 2640 878 2643 878 2647 878 2657 871 2671 857 2684 871 2695 878 2698 878 2702 878 2705 878 2709 878 2712 878 2726 868 2747 857 2812 868 2881 878 2884 878 3143 864 3222 861 3295 861 3643 874 3646 874 3650 874 3701 857 3705 857 3712 857 3891 878 3894 878 3898 878 3946 854 3946 819 3939 740 3377 719 3374 719 2719 737 2605 719 2602 719 2598 719 2547 740 2512 723 2509 723 2505 723 1957 740 1819 723 1816 723 1812 723 1754 740 1730 723 1726 723 1723 723 1437 723 1433 723 1264 744 1268 826"/></Shape>
	    <String CONTENT="uoit, uoluntiers me tiendroit compagnie a faire plain¬"
                    HPOS="1264"
                    VPOS="719"
                    WIDTH="2682"
                    HEIGHT="166"
                    WC="0.992368772074028"></String>
          </TextLine>

          
          
          <TextLine ID="eSc_line_bd02917b"
                    TAGREFS="LT4359"
                    BASELINE="1278 957 3946 943" 
                    HPOS="1275"
                    VPOS="847"
                    WIDTH="2671"
                    HEIGHT="155">
            <Shape><Polygon POINTS="1278 957 1278 988 2598 1002 2602 1002 2836 981 2860 981 2895 981 3257 998 3260 998 3264 998 3267 998 3295 978 3298 978 3319 978 3443 995 3446 995 3450 995 3501 978 3508 978 3532 978 3777 995 3781 995 3943 974 3946 943 3939 868 3463 847 3460 847 3457 847 3422 864 3239 850 3236 850 3232 850 3191 868 3184 871 2922 871 2915 868 2884 850 2881 850 2877 850 2784 868 2767 868 2750 868 2667 850 2664 850 2660 850 2616 868 2598 871 2560 868 2478 854 2474 854 2471 854 2433 868 2416 871 2354 868 2223 854 2219 854 1275 864 1278 957"/></Shape>
	    <String CONTENT="cte de ceulx de uostre art, qui a ses oeuures excellentes"
                    HPOS="1275"
                    VPOS="847"
                    WIDTH="2671"
                    HEIGHT="155"
                    WC="0.987817049026489"></String>
          </TextLine>

          
          
          <TextLine ID="eSc_line_1dca8019"
                    TAGREFS="LT4359"
                    BASELINE="1278 1085 3953 1078" 
                    HPOS="1275"
                    VPOS="971"
                    WIDTH="2678"
                    HEIGHT="162">
            <Shape><Polygon POINTS="1278 1085 1278 1116 1557 1116 1578 1133 1582 1133 1585 1133 1588 1133 1592 1133 1640 1116 1644 1116 1861 1116 1864 1116 1892 1133 1895 1133 1899 1133 1902 1133 2112 1116 2136 1116 2140 1116 2181 1133 2185 1133 2188 1133 2329 1116 2347 1116 2364 1116 2481 1133 2485 1133 2588 1116 2629 1112 2671 1119 2753 1129 2757 1129 2846 1119 2895 1112 2909 1119 2929 1129 2933 1129 2936 1129 2995 1119 3029 1112 3136 1119 3301 1129 3305 1129 3363 1119 3408 1112 3463 1119 3536 1129 3539 1129 3543 1129 3567 1119 3584 1112 3608 1119 3636 1129 3639 1129 3643 1129 3949 1119 3953 1078 3946 985 3515 971 3512 971 3322 985 3284 988 3281 988 3246 971 3243 971 3239 971 3236 971 3184 988 3177 988 3170 988 3112 971 3108 971 3105 971 2922 988 2912 988 2905 988 2826 971 2822 971 2819 971 2815 971 2791 988 2784 988 2485 974 2481 974 2381 992 2374 992 2367 992 2312 974 2309 974 2305 974 2009 992 1874 974 1871 974 1723 992 1699 974 1695 974 1692 974 1361 974 1357 974 1354 974 1275 995 1278 1085"/></Shape>
	    <String CONTENT="adiousterent, La contre Dame sans mercy: l Hospital"
                    HPOS="1275"
                    VPOS="971"
                    WIDTH="2678"
                    HEIGHT="162"
                    WC="0.998669736525592"></String>
          </TextLine>

          
          
          <TextLine ID="eSc_line_0d4738c6"
                    TAGREFS="LT4359"
                    BASELINE="1282 1209 3949 1202" 
                    HPOS="1278"
                    VPOS="1095"
                    WIDTH="2671"
                    HEIGHT="155">
            <Shape><Polygon POINTS="1282 1209 1282 1246 3943 1250 3949 1202 3943 1119 3846 1095 3843 1095 3839 1095 3836 1095 3801 1116 3798 1119 3663 1119 3660 1116 3632 1095 3629 1095 3625 1095 3622 1095 3436 1112 3391 1095 3388 1095 3384 1095 3381 1095 3377 1095 3346 1116 3339 1116 3246 1095 3243 1095 2936 1112 2846 1095 2843 1095 2840 1095 2778 1112 2767 1116 2757 1112 2715 1095 2712 1095 2709 1095 2626 1112 2588 1122 2429 1122 2409 1112 2378 1098 2374 1098 2371 1098 2302 1112 2257 1119 2209 1112 2154 1102 2150 1102 2147 1102 2130 1109 2109 1119 1278 1109 1282 1209"/></Shape>
	    <String CONTENT="d&#x27;Amours: La complaincte de sainct Ualentin: ⁊ la"
                    HPOS="1278"
                    VPOS="1095"
                    WIDTH="2671"
                    HEIGHT="155"
                    WC="0.998597058057785"></String>
          </TextLine>

          
          
          <TextLine ID="eSc_line_9be40e56"
                    TAGREFS="LT4359"
                    BASELINE="1289 1339 3946 1329" 
                    HPOS="1285"
                    VPOS="1222"
                    WIDTH="2661"
                    HEIGHT="166">
            <Shape><Polygon POINTS="1289 1339 1289 1370 1819 1388 1823 1388 2064 1370 2068 1370 2167 1388 2171 1388 2271 1367 2281 1367 2288 1367 2340 1384 2343 1384 2347 1388 2557 1388 2557 1384 2560 1384 2564 1384 2585 1367 2588 1367 2616 1367 3019 1384 3022 1384 3026 1384 3081 1367 3684 1381 3687 1381 3691 1381 3749 1364 3846 1381 3849 1381 3943 1360 3946 1329 3936 1233 3612 1243 3515 1233 3443 1222 3439 1222 3391 1233 3329 1243 3167 1233 3126 1229 3122 1229 3053 1233 2709 1246 2674 1233 2660 1226 2657 1226 2653 1226 2622 1233 2550 1246 2416 1233 2364 1226 2360 1226 2357 1226 2354 1226 2350 1233 2326 1246 2116 1233 2074 1229 2071 1229 2068 1229 2064 1229 2064 1233 2026 1253 1881 1253 1840 1233 1837 1229 1833 1229 1830 1229 1285 1229 1289 1339"/></Shape>
	    <String CONTENT="Pastourelle de Granson: oeuures certes indignes de"
                    HPOS="1285"
                    VPOS="1222"
                    WIDTH="2661"
                    HEIGHT="166"
                    WC="0.995207254886627"></String>
          </TextLine>

          
          
          <TextLine ID="eSc_line_3255c889"
                    TAGREFS="LT4359"
                    BASELINE="1285 1463 3949 1457" 
                    HPOS="1282"
                    VPOS="1357"
                    WIDTH="2667"
                    HEIGHT="155">
            <Shape><Polygon POINTS="1285 1463 1285 1512 3946 1505 3949 1457 3943 1377 3825 1357 3822 1357 3060 1370 2853 1374 2822 1370 2740 1357 2736 1357 2733 1357 2729 1357 2715 1370 2709 1374 2657 1370 2564 1360 2560 1360 2557 1360 2553 1360 2543 1367 2533 1377 2495 1367 2460 1360 2457 1360 2454 1360 2305 1367 2109 1377 2088 1367 2081 1360 2078 1360 2074 1360 2071 1360 2026 1367 1947 1377 1282 1364 1285 1463"/></Shape>
	    <String CONTENT="son nom, ⁊ aultant sorties de luy, comme de moy: La"
                    HPOS="1282"
                    VPOS="1357"
                    WIDTH="2667"
                    HEIGHT="155"
                    WC="0.996870414883483"></String>
          </TextLine>

          
          
          <TextLine ID="eSc_line_4cbd80fb"
                    TAGREFS="LT4359"
                    BASELINE="1268 1584 3943 1577" 
                    HPOS="1264"
                    VPOS="1477"
                    WIDTH="2679"
                    HEIGHT="145">
            <Shape><Polygon POINTS="1268 1584 1268 1622 3939 1622 3943 1577 3936 1501 3326 1501 3322 1498 3215 1477 3212 1477 3208 1477 3153 1498 3098 1477 3095 1477 3091 1477 3088 1477 3039 1498 2991 1477 2988 1477 2984 1477 2981 1477 2929 1498 2926 1498 2922 1498 2815 1477 2812 1477 2636 1498 2598 1501 2591 1498 2564 1481 2560 1481 2557 1481 2553 1481 2474 1498 2454 1501 2412 1498 2257 1481 2254 1481 2143 1498 2133 1498 2123 1498 2050 1481 2047 1481 2043 1481 2040 1481 2016 1498 2009 1501 1988 1498 1923 1481 1919 1481 1916 1481 1912 1481 1909 1481 1881 1498 1874 1501 1823 1498 1664 1481 1661 1481 1264 1494 1268 1584"/></Shape>
	    <String CONTENT="complaincte de la Bazoche: l&#x27;Alphabet du temps pre¬"
                    HPOS="1264"
                    VPOS="1477"
                    WIDTH="2679"
                    HEIGHT="145"
                    WC="0.990752614461459"></String>
          </TextLine>

          
          
          <TextLine ID="eSc_line_df485265"
                    TAGREFS="LT4359"
                    BASELINE="1268 1715 3946 1708" 
                    HPOS="1264"
                    VPOS="1598"
                    WIDTH="2682"
                    HEIGHT="162">
            <Shape><Polygon POINTS="1268 1715 1268 1760 3943 1749 3946 1708 3939 1625 3539 1625 3532 1622 3467 1598 3463 1598 3460 1598 3260 1618 3222 1622 3174 1618 2981 1601 2977 1601 2974 1601 2919 1618 2902 1622 2884 1618 2829 1598 2826 1598 2822 1598 2819 1598 2753 1615 2729 1622 2702 1615 2622 1598 2619 1598 2616 1598 2557 1615 2519 1629 2423 1629 2398 1615 2381 1601 2378 1601 2374 1601 2371 1601 2367 1601 2333 1615 2298 1625 2188 1612 2143 1608 2140 1608 2136 1608 2133 1608 2130 1612 2109 1625 2068 1612 2036 1601 2033 1601 2030 1601 2026 1601 1999 1612 1968 1622 1923 1612 1885 1601 1881 1601 1878 1601 1812 1612 1757 1618 1744 1608 1733 1601 1730 1601 1726 1601 1544 1601 1540 1601 1537 1601 1533 1601 1526 1608 1502 1622 1264 1608 1268 1715"/></Shape>
	    <String CONTENT="sent: l&#x27;Epitaphe du Conte de Sales: ⁊ plusieurs au¬"
                    HPOS="1264"
                    VPOS="1598"
                    WIDTH="2682"
                    HEIGHT="162"
                    WC="0.988770944567827"></String>
          </TextLine>

          
          
          <TextLine ID="eSc_line_14b16de0"
                    TAGREFS="LT4359"
                    BASELINE="1264 1842 3943 1832" 
                    HPOS="1261"
                    VPOS="1729"
                    WIDTH="2682"
                    HEIGHT="151">
            <Shape><Polygon POINTS="1264 1842 1264 1880 3939 1873 3943 1832 3936 1749 3136 1729 3133 1729 2784 1753 2760 1753 2757 1753 2733 1732 2729 1732 2726 1732 2233 1732 2230 1732 2047 1756 2026 1756 1978 1756 1537 1736 1533 1736 1530 1736 1526 1736 1495 1756 1337 1739 1333 1739 1330 1739 1261 1756 1264 1842"/></Shape>
	    <String CONTENT="tres lourderies, qu on a meslées en mes liures. Enco¬"
                    HPOS="1261"
                    VPOS="1729"
                    WIDTH="2682"
                    HEIGHT="151"
                    WC="0.995161054269323"></String>
          </TextLine>

          
          
          <TextLine ID="eSc_line_68c104b7"
                    TAGREFS="LT4359"
                    BASELINE="1261 1970 3943 1963" 
                    HPOS="1258"
                    VPOS="1856"
                    WIDTH="2685"
                    HEIGHT="165">
            <Shape><Polygon POINTS="1261 1970 1264 2021 1351 2001 1430 2018 1433 2018 1437 2018 1488 2001 1530 2018 1533 2018 1537 2018 1540 2018 1599 2001 1981 2001 2005 2018 2009 2018 2012 2018 2016 2018 2019 2018 2081 2001 2164 2018 2167 2018 2171 2018 2460 2001 2533 2018 2536 2018 2540 2018 2543 2018 2550 2018 2643 1997 2753 2015 2757 2015 2902 1997 3939 2011 3943 1963 3932 1877 3512 1877 3505 1877 3443 1856 3439 1856 3436 1856 3432 1856 3388 1877 3384 1877 3377 1877 3301 1856 3298 1856 3295 1856 3291 1856 3288 1856 3257 1877 3253 1877 3167 1877 2491 1860 2488 1860 2485 1860 2443 1877 2440 1877 2374 1860 2371 1860 2367 1860 2364 1860 2323 1877 2316 1877 2185 1860 2181 1860 2095 1877 2061 1860 2057 1860 2054 1860 1750 1877 1695 1880 1688 1877 1661 1860 1657 1860 1654 1860 1650 1860 1495 1877 1409 1860 1406 1860 1258 1877 1261 1970"/></Shape>
	    <String CONTENT="res ne uous a souffy de faire tort a moy seul: mais a"
                    HPOS="1258"
                    VPOS="1856"
                    WIDTH="2685"
                    HEIGHT="165"
                    WC="0.996020019054413"></String>
          </TextLine>

          
          
          <TextLine ID="eSc_line_50543169"
                    TAGREFS="LT4359"
                    BASELINE="1261 2094 3936 2094" 
                    HPOS="1261"
                    VPOS="1990"
                    WIDTH="2675"
                    HEIGHT="149">
            <Shape><Polygon POINTS="1261 2094 1261 2139 3932 2132 3936 2094 3929 2001 3581 2008 3539 2001 3484 1990 3481 1990 3477 1990 3443 2001 3422 2008 3401 2001 3370 1990 3367 1990 3363 1990 3360 1990 3322 2001 3301 2008 3288 2001 3264 1990 3260 1990 3039 1990 3036 1990 3033 1990 3029 1990 3015 2004 3005 2011 2771 2011 2736 2004 2650 1990 2647 1990 2578 2004 2560 2008 2550 2004 2519 1990 2516 1990 2226 1990 2223 1990 2109 2008 2092 2008 2078 2008 2009 1990 2005 1990 2002 1990 1954 2008 1947 2011 1592 2011 1578 2008 1371 1990 1368 1990 1261 2008 1261 2094"/></Shape>
	    <String CONTENT="plusieurs excellens Poëtes de mon temps: desquelz les"
                    HPOS="1261"
                    VPOS="1990"
                    WIDTH="2675"
                    HEIGHT="149"
                    WC="0.99764774022279"></String>
          </TextLine>

          
          
          <TextLine ID="eSc_line_e500631a"
                    TAGREFS="LT4359"
                    BASELINE="1264 2211 3929 2221" 
                    HPOS="1261"
                    VPOS="2111"
                    WIDTH="2668"
                    HEIGHT="155">
            <Shape><Polygon POINTS="1264 2211 1261 2249 3922 2266 3929 2221 3925 2142 3615 2118 3612 2118 3608 2118 3567 2139 3563 2139 3429 2118 3426 2118 3422 2118 3381 2139 3377 2139 3370 2139 3274 2118 3270 2118 3181 2139 3167 2139 3146 2139 2967 2114 2964 2114 2960 2114 2888 2135 2812 2114 2809 2114 2688 2114 2684 2114 2681 2114 2640 2135 2636 2139 2271 2139 2264 2135 2233 2114 2230 2114 2226 2114 2223 2114 2140 2132 2026 2114 2023 2114 2019 2114 1974 2132 1974 2135 1640 2135 1633 2132 1564 2111 1561 2111 1557 2111 1554 2111 1551 2111 1523 2132 1264 2132 1264 2211"/></Shape>
	    <String CONTENT="beaulx ouurages uous auez ioinctz auecq̃s les miens,"
                    HPOS="1261"
                    VPOS="2111"
                    WIDTH="2668"
                    HEIGHT="155"
                    WC="0.977217014019306"></String>
          </TextLine>

          
          
          <TextLine ID="eSc_line_1ef19c4c"
                    TAGREFS="LT4359"
                    BASELINE="1261 2345 3932 2338" 
                    HPOS="1258"
                    VPOS="2235"
                    WIDTH="2674"
                    HEIGHT="148">
            <Shape><Polygon POINTS="1261 2345 1261 2383 3929 2383 3932 2338 3925 2259 3467 2235 3463 2235 3460 2235 3457 2235 3422 2259 3188 2259 3064 2235 3060 2235 3057 2235 3012 2259 2902 2259 2874 2238 2871 2238 2867 2238 2653 2235 2650 2235 2516 2259 2502 2259 2498 2259 2460 2238 2457 2238 2454 2238 2450 2238 2447 2238 2423 2259 2412 2259 2323 2238 2319 2238 2316 2238 2312 2238 2285 2259 2281 2259 2274 2259 2198 2238 2195 2238 2192 2238 2188 2238 2123 2259 2112 2263 1940 2263 1933 2259 1902 2238 1899 2238 1895 2238 1771 2238 1768 2238 1764 2238 1761 2238 1737 2259 1709 2238 1706 2238 1702 2238 1699 2238 1588 2259 1575 2259 1571 2259 1530 2238 1526 2238 1523 2238 1519 2238 1468 2259 1461 2259 1451 2259 1351 2238 1347 2238 1258 2256 1261 2345"/></Shape>
	    <String CONTENT="me faisant (maulgré moy) usurpateur de l&#x27;honneur"
                    HPOS="1258"
                    VPOS="2235"
                    WIDTH="2674"
                    HEIGHT="148"
                    WC="0.982182077904965"></String>
          </TextLine>

          
          
          <TextLine ID="eSc_line_fc8e6f08"
                    TAGREFS="LT4359"
                    BASELINE="1268 2466 3939 2473" 
                    HPOS="1268"
                    VPOS="2362"
                    WIDTH="2671"
                    HEIGHT="162">
            <Shape><Polygon POINTS="1268 2466 1268 2517 2395 2504 2574 2521 2605 2524 2609 2524 2660 2524 2940 2507 3488 2524 3522 2524 3525 2524 3529 2524 3567 2507 3794 2507 3932 2524 3939 2473 3932 2373 2929 2387 2815 2366 2802 2366 2798 2366 2795 2366 2791 2366 2743 2387 2705 2366 2702 2366 2698 2366 2695 2366 2691 2366 2688 2366 2660 2387 2471 2366 2433 2362 2429 2362 2426 2362 2416 2366 2367 2387 1992 2387 1926 2362 1923 2362 1919 2362 1916 2362 1912 2362 1906 2362 1833 2387 1613 2387 1540 2362 1537 2362 1533 2362 1530 2362 1447 2383 1268 2362 1268 2466"/></Shape>
	    <String CONTENT="d&#x27;aultruy. Ce que ie n&#x27;ay peu scauoir, ⁊ souffrir tout"
                    HPOS="1268"
                    VPOS="2362"
                    WIDTH="2671"
                    HEIGHT="162"
                    WC="0.98360486975256"></String>
          </TextLine>

          
          
          <TextLine ID="eSc_line_04dec65f"
                    TAGREFS="LT4359"
                    BASELINE="1258 2600 3939 2600" 
                    HPOS="1258"
                    VPOS="2493"
                    WIDTH="2681"
                    HEIGHT="166">
            <Shape><Polygon POINTS="1258 2600 1258 2635 1354 2655 1357 2655 1592 2638 1644 2655 1647 2655 1650 2655 1654 2655 1695 2638 1785 2655 1788 2655 1919 2638 1981 2655 1985 2655 1988 2659 2364 2659 2364 2655 2367 2655 2371 2655 2398 2638 2857 2638 2884 2655 2888 2655 2891 2655 2895 2655 2981 2638 3064 2655 3067 2655 3070 2655 3143 2638 3312 2655 3315 2655 3536 2638 3605 2655 3608 2655 3612 2655 3698 2638 3760 2655 3763 2655 3767 2655 3939 2635 3939 2600 3939 2507 3601 2493 3598 2493 3594 2493 3550 2507 3532 2511 3512 2507 3453 2493 3450 2493 3160 2507 3074 2511 3050 2507 2967 2493 2964 2493 2612 2511 2547 2511 2491 2511 2192 2493 2188 2493 2185 2493 2181 2493 2161 2511 2157 2514 1947 2514 1937 2511 1837 2493 1833 2493 1706 2511 1702 2511 1664 2493 1661 2493 1385 2493 1382 2493 1258 2511 1258 2600"/></Shape>
	    <String CONTENT="ensemble. Si ay ietté hors de mon liure non seulement"
                    HPOS="1258"
                    VPOS="2493"
                    WIDTH="2681"
                    HEIGHT="166"
                    WC="0.999694779234112"></String>
          </TextLine>

          
          
          <TextLine ID="eSc_line_872f421f"
                    TAGREFS="LT4359"
                    BASELINE="1258 2728 3939 2728" 
                    HPOS="1258"
                    VPOS="2624"
                    WIDTH="2681"
                    HEIGHT="152">
            <Shape><Polygon POINTS="1258 2728 1258 2772 3936 2776 3939 2728 3939 2648 3739 2648 3736 2645 3681 2624 3677 2624 3674 2624 3591 2645 3577 2645 3563 2645 3453 2624 3450 2624 3446 2624 3443 2624 3415 2641 3408 2648 3239 2648 3226 2641 3191 2624 3188 2624 2967 2624 2964 2624 2960 2624 2933 2638 2915 2645 2829 2638 2736 2628 2733 2628 2691 2635 2647 2645 2605 2635 2564 2624 2560 2624 2557 2624 2553 2624 2516 2635 2467 2645 2419 2635 2381 2624 2378 2624 2374 2624 2371 2624 2347 2631 2312 2645 2288 2631 2285 2628 2281 2628 2278 2628 2274 2628 2212 2631 2036 2645 1940 2628 1906 2624 1902 2624 1874 2628 1785 2645 1688 2628 1668 2624 1664 2624 1661 2624 1654 2628 1616 2648 1399 2648 1258 2624 1258 2728"/></Shape>
	    <String CONTENT="les mauluaises, mais les bonnes choses, qui ne sont a"
                    HPOS="1258"
                    VPOS="2624"
                    WIDTH="2681"
                    HEIGHT="152"
                    WC="0.998423849636654"></String>
          </TextLine>

          
          
          <TextLine ID="eSc_line_a30cb125"
                    TAGREFS="LT4359"
                    BASELINE="1258 2852 3936 2852" 
                    HPOS="1258"
                    VPOS="2755"
                    WIDTH="2678"
                    HEIGHT="152">
            <Shape><Polygon POINTS="1258 2852 1258 2883 1437 2903 1440 2903 1530 2886 1537 2886 1540 2886 1571 2903 1575 2903 1578 2903 1582 2903 1637 2886 1647 2886 1654 2886 1713 2903 1716 2903 1719 2907 2071 2907 2071 2903 2074 2903 2116 2889 2133 2886 2143 2889 2167 2903 2171 2903 2174 2907 2591 2907 2591 2903 2595 2903 2616 2893 2636 2886 3264 2886 3295 2900 3301 2903 3305 2903 3308 2903 3374 2900 3608 2886 3774 2903 3787 2903 3791 2903 3794 2903 3856 2886 3929 2903 3936 2852 3936 2772 1258 2755 1258 2852"/></Shape>
	    <String CONTENT="moy, ne de moy: me contentant de celles, que nostre"
                    HPOS="1258"
                    VPOS="2755"
                    WIDTH="2678"
                    HEIGHT="152"
                    WC="0.995137358413023"></String>
          </TextLine>

          
          
          <TextLine ID="eSc_line_1f3fbf8f"
                    TAGREFS="LT4359"
                    BASELINE="1264 2982 3936 2982" 
                    HPOS="1264"
                    VPOS="2876"
                    WIDTH="2672"
                    HEIGHT="158">
            <Shape><Polygon POINTS="1264 2982 1264 3034 3936 3034 3936 2982 3936 2889 1264 2876 1264 2982"/></Shape>
	    <String CONTENT="Muse nous produict. Toutesfois au lieu des choses"
                    HPOS="1264"
                    VPOS="2876"
                    WIDTH="2672"
                    HEIGHT="158"
                    WC="0.991914633585482"></String>
          </TextLine>

          
          
          <TextLine ID="eSc_line_5babce7f"
                    TAGREFS="LT4359"
                    BASELINE="1271 3107 3922 3113" 
                    HPOS="1270"
                    VPOS="3007"
                    WIDTH="2652"
                    HEIGHT="151">
            <Shape><Polygon POINTS="3922 3007 3922 3113 3915 3158 1270 3152 1271 3007"/></Shape>
	    <String CONTENT="reiectées (affin que les lecteurs ne se plaignent) ie y ay"
                    HPOS="1270"
                    VPOS="3007"
                    WIDTH="2652"
                    HEIGHT="151"></String>
          </TextLine>

          
          
          <TextLine ID="eSc_line_c39123e3"
                    TAGREFS="LT4359"
                    BASELINE="1281 3225 3925 3230" 
                    HPOS="1281"
                    VPOS="3137"
                    WIDTH="2644"
                    HEIGHT="155">
            <Shape><Polygon POINTS="3918 3137 3925 3230 3922 3268 3777 3289 3774 3289 3108 3272 3077 3289 3070 3289 3070 3292 2853 3292 2850 3289 2678 3272 2522 3289 2519 3289 1968 3268 1281 3284 1281 3137"/></Shape>
	    <String CONTENT="mis douze fois aultant d&#x27;aultres oeuures miennes, par"
                    HPOS="1281"
                    VPOS="3137"
                    WIDTH="2644"
                    HEIGHT="155"></String>
          </TextLine>

          
          
          <TextLine ID="eSc_line_41c9bb39"
                    TAGREFS="LT4359"
                    BASELINE="1281 3360 3932 3368" 
                    HPOS="1281"
                    VPOS="3255"
                    WIDTH="2651"
                    HEIGHT="175">
            <Shape><Polygon POINTS="1344 3275 1347 3272 1382 3255 1389 3255 1719 3272 1795 3275 1847 3272 2019 3258 2023 3258 2154 3272 2195 3275 2209 3272 2254 3258 2261 3258 2412 3272 2464 3279 2695 3279 2705 3272 2726 3258 2736 3258 2857 3272 2933 3279 3019 3272 3122 3261 3126 3261 3929 3272 3932 3368 3929 3410 3725 3410 3660 3430 3653 3430 3560 3410 3556 3410 3515 3430 3505 3430 3453 3410 3446 3410 3374 3430 3367 3430 3212 3410 3115 3410 2733 3427 2726 3427 2684 3413 2660 3406 2547 3413 2360 3427 2357 3427 2150 3416 1981 3406 1871 3416 1764 3427 1757 3427 1726 3416 1681 3403 1281 3408 1281 3275"/></Shape>
	    <String CONTENT="cy deuant non imprimées: mesmement deux liures de"
                    HPOS="1281"
                    VPOS="3255"
                    WIDTH="2651"
                    HEIGHT="175"></String>
          </TextLine>

          
          
          <TextLine ID="eSc_line_17725282"
                    TAGREFS="LT4359"
                    BASELINE="1258 3492 3922 3499" 
                    HPOS="1258"
                    VPOS="3385"
                    WIDTH="2664"
                    HEIGHT="162">
            <Shape><Polygon POINTS="1258 3492 1258 3534 2061 3523 2085 3540 2088 3544 2092 3544 2095 3544 2099 3544 2150 3540 2288 3527 2416 3540 2450 3544 2454 3544 2457 3544 2460 3544 2460 3540 2485 3523 2519 3540 2526 3544 2529 3544 2960 3547 2964 3547 2967 3547 2974 3544 3012 3527 3643 3527 3687 3547 3691 3547 3694 3547 3698 3547 3749 3530 3915 3547 3922 3499 3922 3413 3839 3389 3836 3389 3832 3389 3515 3410 3508 3410 3460 3389 3457 3389 3453 3389 3353 3406 3188 3389 3184 3389 2984 3410 2971 3410 2964 3410 2898 3389 2895 3389 2891 3389 2888 3389 2884 3389 2860 3410 2857 3413 2743 3413 2726 3410 2588 3385 2585 3385 2581 3385 2578 3385 2543 3406 2161 3385 2157 3385 2064 3406 2061 3410 1423 3410 1420 3406 1392 3385 1389 3385 1385 3385 1382 3385 1258 3403 1258 3492"/></Shape>
	    <String CONTENT="Epigrammes. Parquoy Imprimeurs ie uous prie,"
                    HPOS="1258"
                    VPOS="3385"
                    WIDTH="2664"
                    HEIGHT="162"
                    WC="0.987376179207455"></String>
          </TextLine>

          
          
          <TextLine ID="eSc_line_78cd33e5"
                    TAGREFS="LT4359"
                    BASELINE="1258 3623 3932 3616" 
                    HPOS="1254"
                    VPOS="3509"
                    WIDTH="2678"
                    HEIGHT="162">
            <Shape><Polygon POINTS="1258 3623 1258 3671 1433 3651 2105 3664 2371 3668 2374 3668 2467 3661 2598 3647 2660 3658 2702 3664 2705 3664 2709 3664 2729 3658 2757 3647 2791 3658 2826 3664 2829 3664 2833 3664 2836 3664 2857 3654 2877 3647 2902 3654 2933 3664 2936 3664 2940 3664 2943 3664 2981 3654 3005 3647 3022 3654 3050 3664 3053 3664 3057 3668 3191 3668 3191 3664 3195 3664 3198 3664 3212 3651 3219 3647 3360 3651 3887 3664 3891 3664 3894 3664 3932 3644 3932 3616 3925 3530 3170 3509 3167 3509 3164 3509 3160 3509 3133 3530 2795 3530 2702 3509 2698 3509 2478 3530 2443 3530 2419 3530 2305 3513 2302 3513 2298 3513 2250 3530 2240 3530 2216 3530 2081 3513 2078 3513 1954 3530 1933 3530 1909 3530 1792 3513 1788 3513 1254 3527 1258 3623"/></Shape>
	    <String CONTENT="que doresenauant n&#x27;y adioustez rien sans m&#x27;en ad¬"
                    HPOS="1254"
                    VPOS="3509"
                    WIDTH="2678"
                    HEIGHT="162"></String>
          </TextLine>

          
          
          <TextLine ID="eSc_line_7109c922"
                    TAGREFS="LT4359"
                    BASELINE="1254 3744 3932 3751" 
                    HPOS="1251"
                    VPOS="3637"
                    WIDTH="2681"
                    HEIGHT="162">
            <Shape><Polygon POINTS="1254 3744 1251 3771 1364 3792 1368 3792 2198 3782 2529 3778 2553 3785 2591 3795 2595 3795 2598 3799 3929 3799 3932 3751 3932 3661 3894 3640 3891 3640 3887 3640 3884 3640 3836 3661 3825 3668 3384 3668 3357 3661 3253 3640 3250 3640 3246 3640 3188 3661 3181 3661 3177 3661 3108 3640 3105 3640 3102 3640 2977 3661 2946 3664 2902 3661 2774 3647 2771 3647 2684 3661 2653 3664 2619 3661 2474 3637 2471 3637 2467 3637 2385 3661 2378 3661 2364 3661 2188 3637 2185 3637 2181 3637 2133 3661 2102 3637 2099 3637 2095 3637 2092 3637 1947 3658 1919 3637 1916 3637 1912 3637 1909 3637 1806 3654 1757 3637 1754 3637 1750 3637 1747 3637 1688 3661 1681 3664 1547 3664 1540 3661 1506 3637 1502 3637 1499 3637 1354 3637 1351 3637 1254 3658 1254 3744"/></Shape>
	    <String CONTENT="uertir, et uous ferez beaucoup pour uous, car si"
                    HPOS="1251"
                    VPOS="3637"
                    WIDTH="2681"
                    HEIGHT="162"
                    WC="0.998421727369229"></String>
          </TextLine>

          
          
          <TextLine ID="eSc_line_43d6f2f4"
                    TAGREFS="LT4359"
                    BASELINE="1254 3875 3925 3875" 
                    HPOS="1254"
                    VPOS="3768"
                    WIDTH="2671"
                    HEIGHT="155">
            <Shape><Polygon POINTS="1254 3875 1254 3923 3925 3923 3925 3875 3925 3792 2995 3768 2991 3768 2850 3788 2795 3768 2791 3768 2788 3768 2784 3768 2781 3768 2747 3788 2609 3768 2605 3768 2602 3768 2598 3768 2571 3792 2312 3792 2216 3768 1964 3768 1961 3768 1957 3768 1899 3788 1623 3768 1619 3768 1409 3788 1337 3768 1333 3768 1330 3768 1326 3768 1254 3788 1254 3875"/></Shape>
	    <String CONTENT="iay aulcunes oeuures a mettre en lumiere, elles tum¬"
                    HPOS="1254"
                    VPOS="3768"
                    WIDTH="2671"
                    HEIGHT="155"
                    WC="0.999640844189204"></String>
          </TextLine>

          
          
          <TextLine ID="eSc_line_571686a6"
                    TAGREFS="LT4359"
                    BASELINE="1254 3992 3925 4005" 
                    HPOS="1251"
                    VPOS="3892"
                    WIDTH="2674"
                    HEIGHT="155">
            <Shape><Polygon POINTS="1254 3992 1251 4023 1950 4047 1954 4047 3922 4040 3925 4005 3922 3923 3812 3902 3808 3902 3805 3902 3763 3919 3722 3902 3718 3902 3715 3902 3539 3919 3519 3919 3515 3919 3491 3902 3488 3902 3484 3902 3481 3902 3384 3919 3363 3919 3336 3916 3170 3899 3167 3899 3064 3916 3053 3916 2564 3916 2557 3912 2502 3895 2498 3895 2495 3895 2402 3912 2388 3916 2143 3916 2133 3909 2099 3895 2095 3895 2092 3895 1868 3909 1823 3909 1816 3909 1778 3892 1775 3892 1771 3892 1681 3906 1657 3909 1254 3906 1254 3992"/></Shape>
	    <String CONTENT="beront assez a temps en uoz mains, non ainsi par pie¬"
                    HPOS="1251"
                    VPOS="3892"
                    WIDTH="2674"
                    HEIGHT="155"
                    WC="0.999570096438786"></String>
          </TextLine>

          
          
          <TextLine ID="eSc_line_36d22cfc"
                    TAGREFS="LT4359"
                    BASELINE="1254 4123 3925 4129" 
                    HPOS="1251"
                    VPOS="4036"
                    WIDTH="2674"
                    HEIGHT="142">
            <Shape><Polygon POINTS="1254 4123 1251 4154 1378 4174 1382 4174 2023 4160 2181 4160 3918 4178 3925 4129 3922 4040 1254 4036 1254 4123"/></Shape>
	    <String CONTENT="ces comme uous les recueillez ca ⁊ la, mais en belle for"
                    HPOS="1251"
                    VPOS="4036"
                    WIDTH="2674"
                    HEIGHT="142"
                    WC="0.993308342993259"></String>
          </TextLine>

          
          
          <TextLine ID="eSc_line_59091da6"
                    TAGREFS="LT4359"
                    BASELINE="1247 4257 3922 4257" 
                    HPOS="1247"
                    VPOS="4150"
                    WIDTH="2675"
                    HEIGHT="159">
            <Shape><Polygon POINTS="1247 4257 1247 4288 1551 4288 1554 4288 1599 4305 1602 4305 1606 4305 1609 4305 1644 4288 1650 4288 1678 4288 1840 4305 1843 4305 1923 4291 1950 4288 2012 4291 2174 4305 2178 4309 2909 4309 2909 4305 2912 4305 2926 4298 2953 4288 3594 4305 3684 4305 3687 4305 3691 4305 3694 4305 3763 4288 3915 4305 3922 4257 3922 4171 3884 4150 3880 4150 3877 4150 3874 4150 3815 4167 3591 4150 3588 4150 2467 4167 2343 4150 2340 4150 2164 4167 2140 4150 2136 4150 2133 4150 1833 4150 1830 4150 1695 4167 1578 4150 1575 4150 1571 4150 1568 4150 1547 4167 1451 4150 1447 4150 1444 4150 1440 4150 1413 4167 1326 4150 1323 4150 1320 4150 1247 4167 1247 4257"/></Shape>
	    <String CONTENT="me de liure. Daduantaige, par telles uoz additions se"
                    HPOS="1247"
                    VPOS="4150"
                    WIDTH="2675"
                    HEIGHT="159"
                    WC="0.989646952107268"></String>
          </TextLine>

          
          
          <TextLine ID="eSc_line_c5f47623"
                    TAGREFS="LT4359"
                    BASELINE="1251 4377 3925 4388" 
                    HPOS="1247"
                    VPOS="4274"
                    WIDTH="2678"
                    HEIGHT="159">
            <Shape><Polygon POINTS="1251 4377 1247 4419 3918 4433 3925 4388 3922 4305 3815 4281 3812 4281 3650 4302 3646 4302 3643 4302 3525 4281 3522 4281 3519 4281 3477 4302 3436 4281 3432 4281 3429 4281 3426 4281 3360 4302 3357 4302 3350 4302 3284 4281 3281 4281 3277 4281 3274 4281 3205 4302 3201 4302 3195 4302 3143 4281 3139 4281 3136 4281 2791 4298 2784 4298 2757 4278 2753 4278 2750 4278 2747 4278 2743 4278 2702 4298 2664 4281 2660 4281 2657 4281 2571 4298 2567 4298 2526 4278 2522 4278 2519 4278 2516 4278 2474 4298 2471 4302 2209 4302 2202 4298 2178 4278 2174 4278 2171 4278 2167 4278 2071 4295 2043 4274 2040 4274 2036 4274 2033 4274 1930 4295 1888 4274 1885 4274 1881 4274 1706 4295 1695 4295 1692 4295 1647 4274 1644 4274 1640 4274 1637 4274 1554 4295 1547 4295 1251 4295 1251 4377"/></Shape>
	    <String CONTENT="rompt tout l&#x27;ordre de mes liures, qui tant m&#x27;a cousté a"
                    HPOS="1247"
                    VPOS="4274"
                    WIDTH="2678"
                    HEIGHT="159"></String>
          </TextLine>

          
          
          <TextLine ID="eSc_line_401910ab"
                    TAGREFS="LT4359"
                    BASELINE="1271 4523 1351 4512 3922 4515" 
                    HPOS="1257"
                    VPOS="4415"
                    WIDTH="2665"
                    HEIGHT="155">
            <Shape><Polygon POINTS="1285 4415 1723 4415 1771 4443 1899 4443 1957 4415 2057 4443 2099 4415 2564 4436 2774 4415 2815 4439 2895 4415 2981 4443 3046 4422 3381 4443 3467 4415 3722 4415 3781 4443 3918 4443 3922 4515 3922 4543 3853 4563 3846 4563 3705 4546 3691 4546 3577 4570 3570 4570 3501 4550 3491 4546 3112 4546 3084 4553 3026 4567 3012 4567 2991 4553 2977 4546 2364 4546 2323 4560 2288 4570 2274 4570 2261 4560 2233 4546 1885 4546 1830 4563 1809 4570 1802 4570 1706 4567 1488 4553 1440 4567 1430 4570 1423 4570 1406 4567 1282 4546 1274 4550 1257 4431"/></Shape>
	    <String CONTENT="dresser. Lequel ordre (Lecteurs debonnaires) i&#x27;ay uou¬"
                    HPOS="1257"
                    VPOS="4415"
                    WIDTH="2665"
                    HEIGHT="155"></String>
          </TextLine>

          
          
          <TextLine ID="eSc_line_1f7f6381"
                    TAGREFS="LT4359"
                    BASELINE="1281 4655 1437 4639 3922 4639" 
                    HPOS="1270"
                    VPOS="4529"
                    WIDTH="2652"
                    HEIGHT="169">
            <Shape><Polygon POINTS="1285 4532 1295 4532 1754 4536 1895 4560 2005 4532 2164 4532 2223 4560 2381 4543 2385 4543 2543 4560 2547 4560 2609 4532 2616 4532 2922 4550 3484 4529 3491 4529 3563 4550 3708 4529 3715 4529 3784 4560 3918 4560 3922 4639 3915 4691 3239 4674 2981 4694 2940 4698 2936 4698 2919 4694 2833 4677 2519 4677 2364 4698 2340 4698 2302 4677 2071 4677 1892 4698 1878 4698 1544 4677 1433 4698 1430 4698 1284 4683 1270 4542"/></Shape>
	    <String CONTENT="lu changer a ceste derniere reueue, mettãt l&#x27;Adolescen¬"
                    HPOS="1270"
                    VPOS="4529"
                    WIDTH="2652"
                    HEIGHT="169"></String>
          </TextLine>

          
          
          <TextLine ID="eSc_line_b04b7358"
                    TAGREFS="LT4359"
                    BASELINE="1281 4790 1433 4770 3922 4777" 
                    HPOS="1264"
                    VPOS="4656"
                    WIDTH="2658"
                    HEIGHT="200">
            <Shape><Polygon POINTS="1268 4660 1275 4660 1613 4684 1847 4656 1850 4656 2133 4681 2181 4656 2188 4656 2385 4677 2454 4656 2460 4656 2760 4674 2919 4660 2926 4660 2971 4677 3095 4660 3098 4660 3357 4677 3474 4656 3484 4656 3525 4684 3584 4663 3594 4663 3653 4687 3667 4691 3698 4687 3808 4667 3812 4667 3918 4687 3922 4777 3915 4853 3718 4849 3715 4849 3622 4822 3522 4849 3512 4849 3429 4818 3267 4818 3174 4856 3153 4856 2940 4815 2888 4839 2877 4839 2798 4815 2526 4815 2367 4842 2360 4842 2298 4815 2202 4856 2195 4856 1857 4815 1761 4846 1747 4846 1699 4815 1506 4836 1502 4836 1354 4815 1295 4815 1285 4821 1264 4662"/></Shape>
	    <String CONTENT="ce a part: ⁊ ce qui est hors d&#x27; Adolescence, tout en ung: de"
                    HPOS="1264"
                    VPOS="4656"
                    WIDTH="2658"
                    HEIGHT="200"
                    WC="0.991594742735227"></String>
          </TextLine>

          
        </TextBlock>
        
        <TextBlock HPOS="656"
                   VPOS="932"
                   WIDTH="604"
                   HEIGHT="656"
                   ID="eSc_textblock_f3bd56f4"
                   TAGREFS="BT11072">
          <Shape><Polygon POINTS="656 932 656 1588 1260 1588 1260 932"/></Shape>
          
          
          <TextLine ID="eSc_line_4b469044"
                    TAGREFS="LT4359"
                    BASELINE="734 1026 1213 1012" 
                    HPOS="730"
                    VPOS="926"
                    WIDTH="483"
                    HEIGHT="141">
            <Shape><Polygon POINTS="1178 943 1144 940 1109 936 1075 933 1040 930 1016 926 758 926 730 943 734 1026 734 1067 1213 1043 1213 1012 1202 943 1178 943"/></Shape>
	    <String CONTENT="Oeuures"
                    HPOS="730"
                    VPOS="926"
                    WIDTH="483"
                    HEIGHT="141"
                    WC="0.999999080385481"></String>
          </TextLine>

          
          
          <TextLine ID="eSc_line_8c84f069"
                    TAGREFS="LT4359"
                    BASELINE="654 1150 1213 1140" 
                    HPOS="651"
                    VPOS="1043"
                    WIDTH="562"
                    HEIGHT="148">
            <Shape><Polygon POINTS="651 1071 654 1150 654 1191 1209 1178 1213 1140 1206 1060 851 1043 847 1043 844 1043 840 1043 813 1067 651 1067 651 1071"/></Shape>
	    <String CONTENT="mal attri¬"
                    HPOS="651"
                    VPOS="1043"
                    WIDTH="562"
                    HEIGHT="148"
                    WC="0.997884207963944"></String>
          </TextLine>

          
          
          <TextLine ID="eSc_line_c5bfdb90"
                    TAGREFS="LT4359"
                    BASELINE="661 1274 1233 1264" 
                    HPOS="658"
                    VPOS="1160"
                    WIDTH="575"
                    HEIGHT="148">
            <Shape><Polygon POINTS="661 1274 661 1302 1230 1308 1233 1264 1230 1188 1202 1164 1202 1160 1199 1160 1196 1160 1192 1160 1034 1188 851 1164 847 1164 703 1167 699 1167 696 1167 658 1188 661 1274"/></Shape>
	    <String CONTENT="buées a A¬"
                    HPOS="658"
                    VPOS="1160"
                    WIDTH="575"
                    HEIGHT="148"></String>
          </TextLine>

          
          
          <TextLine ID="eSc_line_45925f6e"
                    TAGREFS="LT4359"
                    BASELINE="654 1405 1233 1388" 
                    HPOS="647"
                    VPOS="1281"
                    WIDTH="586"
                    HEIGHT="200">
            <Shape><Polygon POINTS="654 1405 654 1457 820 1450 834 1457 854 1474 858 1474 861 1474 865 1474 868 1474 906 1457 923 1446 937 1453 992 1481 996 1481 999 1481 1189 1474 1192 1474 1196 1474 1233 1446 1233 1388 1223 1302 1116 1302 1109 1298 1092 1281 1089 1281 1085 1281 992 1281 989 1281 985 1281 982 1281 965 1295 944 1308 647 1291 654 1405"/></Shape>
	    <String CONTENT="lain Char¬"
                    HPOS="647"
                    VPOS="1281"
                    WIDTH="586"
                    HEIGHT="200"
                    WC="0.990635579824448"></String>
          </TextLine>

          
          
          <TextLine ID="eSc_line_2f3be1b3"
                    TAGREFS="LT4359"
                    BASELINE="658 1529 978 1522" 
                    HPOS="654"
                    VPOS="1436"
                    WIDTH="324"
                    HEIGHT="151">
            <Shape><Polygon POINTS="658 1529 658 1587 978 1567 978 1522 971 1436 654 1436 658 1529"/></Shape>
	    <String CONTENT="retier."
                    HPOS="654"
                    VPOS="1436"
                    WIDTH="324"
                    HEIGHT="151"
                    WC="0.999979632241385"></String>
          </TextLine>

          
        </TextBlock>
        
        <TextBlock HPOS="625"
                   VPOS="2996"
                   WIDTH="646"
                   HEIGHT="435"
                   ID="eSc_textblock_25d3656c"
                   TAGREFS="BT11072">
          <Shape><Polygon POINTS="625 2996 625 3431 1249 3431 1271 2996"/></Shape>
          
          
          <TextLine ID="eSc_line_41be18ef"
                    TAGREFS="LT4359"
                    BASELINE="654 3106 1228 3107" 
                    HPOS="651"
                    VPOS="3007"
                    WIDTH="577"
                    HEIGHT="145">
            <Shape><Polygon POINTS="654 3013 661 3007 1228 3007 1228 3152 651 3151 654 3106"/></Shape>
	    <String CONTENT="Les oeuures"
                    HPOS="651"
                    VPOS="3007"
                    WIDTH="577"
                    HEIGHT="145"></String>
          </TextLine>

          
          
          <TextLine ID="eSc_line_1da4f188"
                    TAGREFS="LT4359"
                    BASELINE="654 3224 1249 3225" 
                    HPOS="651"
                    VPOS="3137"
                    WIDTH="599"
                    HEIGHT="149">
            <Shape><Polygon POINTS="654 3224 654 3137 1250 3137 1249 3285 1199 3286 1196 3286 1030 3268 927 3286 916 3286 889 3265 651 3261"/></Shape>
	    <String CONTENT="de Marot"
                    HPOS="651"
                    VPOS="3137"
                    WIDTH="599"
                    HEIGHT="149"
                    WC="0.999988436698914"></String>
          </TextLine>

          
          
          <TextLine ID="eSc_line_cc1267b8"
                    TAGREFS="LT4359"
                    BASELINE="647 3358 1228 3360" 
                    HPOS="644"
                    VPOS="3255"
                    WIDTH="584"
                    HEIGHT="161">
            <Shape><Polygon POINTS="647 3310 661 3272 1020 3255 1023 3255 1116 3272 1120 3275 1228 3275 1228 3409 644 3416 647 3358"/></Shape>
	    <String CONTENT="augmẽtées."
                    HPOS="644"
                    VPOS="3255"
                    WIDTH="584"
                    HEIGHT="161"></String>
          </TextLine>

          
        </TextBlock>
        
        <TextBlock HPOS="625"
                   VPOS="4426"
                   WIDTH="635"
                   HEIGHT="466"
                   ID="eSc_textblock_85239589"
                   TAGREFS="BT11072">
          <Shape><Polygon POINTS="646 4426 625 4892 1260 4870 1249 4426"/></Shape>
          
          
          <TextLine ID="eSc_line_ebdbfad4"
                    TAGREFS="LT4359"
                    BASELINE="692 4550 1161 4539 1228 4529" 
                    HPOS="692"
                    VPOS="4443"
                    WIDTH="542"
                    HEIGHT="131">
            <Shape><Polygon POINTS="758 4450 792 4443 1216 4443 1234 4570 1230 4570 692 4574 692 4550 751 4450"/></Shape>
	    <String CONTENT="Lordre des"
                    HPOS="692"
                    VPOS="4443"
                    WIDTH="542"
                    HEIGHT="131"></String>
          </TextLine>

          
          
          <TextLine ID="eSc_line_e355bdac"
                    TAGREFS="LT4359"
                    BASELINE="637 4670 1158 4667 1239 4659" 
                    HPOS="634"
                    VPOS="4563"
                    WIDTH="608"
                    HEIGHT="138">
            <Shape><Polygon POINTS="637 4670 634 4563 1229 4563 1242 4692 1230 4698 1227 4698 637 4701"/></Shape>
	    <String CONTENT="oeuures de"
                    HPOS="634"
                    VPOS="4563"
                    WIDTH="608"
                    HEIGHT="138"
                    WC="0.999786531925201"></String>
          </TextLine>

          
          
          <TextLine ID="eSc_line_bd096b2a"
                    TAGREFS="LT4359"
                    BASELINE="634 4808 1220 4798 1239 4796" 
                    HPOS="634"
                    VPOS="4681"
                    WIDTH="612"
                    HEIGHT="179">
            <Shape><Polygon POINTS="641 4729 654 4694 1202 4694 1202 4691 1224 4681 1246 4848 1233 4856 1227 4856 634 4860 634 4808"/></Shape>
	    <String CONTENT="Marot, au¬"
                    HPOS="634"
                    VPOS="4681"
                    WIDTH="612"
                    HEIGHT="179"
                    WC="0.981734126806259"></String>
          </TextLine>

          
        </TextBlock>
        

        
      </PrintSpace>
    </Page>
  </Layout>
</alto>
