4267 6046
1306 2337 332 397 A

1300 564 1760 174 Or en effect, ie uous iure mon ame,

1296 698 2023 168 Que si i'estois ieune, ⁊ gaillarde femme,

1310 826 2147 181 I'en auroys un deuant qu'il fust trois iours

1827 947 729 161 A mon plaisir.

1290 1064 2093 175 Et pourquoy non? ce seroit grand diffame,

1347 1205 1901 151 Si uous perdiez ieunesse, bruyt, ⁊ fame

1313 1326 2093 165 Sans esbranler Drap, Satin, ⁊ Uelours.

1313 1454 2245 161 Pardonnez moy, si mes motz sont trop lourdz,

1306 1571 2053 195 Ie ne uous ueulx qu'aprendre uostre game

1797 1692 746 178 A mon plaisir.

1928 2058 1263 199 De Lamoureux ardant.

1659 2287 1503 212 U feu, qui mon cueur a choisy,

1666 2435 1193 168 Iectez y ma seule Déesse

1675 2559 1385 181 De leau de grace, ⁊ de lyesse,

1293 2680 1384 191 Car il est consommé quasi.

1296 2922 1338 174 Amours la de si pres saisy.

1296 3053 1630 184 Que force est, qu'il crie sans cesse

1800 3197 407 148 Au feu.

1367 3284 1307 192 Si par uous en est dessaisy,

1296 3429 1949 178 Amours luy doint plus grand destresse.

1377 3567 1549 158 Si iamais sert aultre maistresse:

1310 3691 1515 191 Doncques ma Dame courez y

1797 3805 410 185 Au feu.

1958 4175 911 198 A une mesdisante.

1669 4519 1473 211 N le ma dit, Dague a rouelle,

1666 4689 1599 171 Que de moy en mal uous pailez

1654 4806 1231 202 Le uin que si bien auallez

1301 4549 333 469 O
