4267 6288
2607 293 468 175 Fueil ii.

369 1651 1161 1147 L

311 436 2736 280 CLEMENT MAROT

555 723 2275 199 A CEVLX QVI PAR CY

709 883 1950 196 DEVANT ONT IMPRI

992 1037 1363 192 ME SES OEV¬

1404 1198 573 181 VRES.

1645 1533 1419 182 E tort, que uous m'auez

1666 1680 1395 171 faict, uous aultres, qui par

1656 1816 1408 161 cy deuãt auez imprime mes

1666 1949 1395 160 Oeuures, est si grand, et si

1656 2082 1408 167 oultrageux, qu'il a touché

1649 2239 1412 139 mon honneur, ⁊ mis en dan

1652 2364 1405 151 ger ma personne: car par

1645 2480 1419 150 auare couuoitise de uendre

1635 2599 1426 174 plus cher, et plustost, ce qui

1670 2735 1394 174 se uendoit assez, auez adiou¬

283 2878 2781 161 sté a icelles miennes oeuures plusieurs aultres, qui ne

279 3000 2782 178 me sont rien: dont les unes sont froidement, ⁊ de maul¬

279 3133 2785 178 uaise grace composées, mettant sur moy lignorance

283 3269 2774 164 d'aultruy: et les aultres toutes pleines de scandale, ⁊

283 3406 2760 167 sedition: de sorte qu il n'a tenu a uous, que durant mon

279 3535 2764 157 absence, les ennemys de Uertu n'ayẽt gardé la Frãce,

279 3674 2785 161 ⁊ moy, de iamais plus nous entreueoir. mais la grace

279 3797 2778 171 de Dieu par la bonte du Roy (comme scauez) y a pour¬

279 3930 2775 167 ueu. Certes i'ose dire sans mentir (toutes foys sans re¬

279 4059 2775 178 proche) que de tous ces miens labeurs le proffit uous

272 4195 2782 175 en retourne. I'ay planté les arbres, uous en cueillez les

279 4328 2771 160 fruictz. I'ay trayné la charrue, uous en serrez la mois¬

286 4464 2764 171 son: et a moy n'en reuient qu un peu d'estime entre les

283 4593 2774 171 hommes: lequel encor uous me uoulez estaindre, m'at¬

279 4722 2771 175 tribuant oeuures sottes, ⁊ scandaleuses. Ie ne scay

286 4862 2771 157 comment appeller cela, sinon ingratitude, que ie ne

283 4991 2767 207 puis auoir desseruie: si ce n'est par la faulte, que ie feis,

2296 5135 237 178 a .ii.
