4267 6021
1265 1219 341 426 D

1271 632 1694 174 Pourueu que m'en uueillez guerir.

1278 759 1345 194 Ie ne faiz rien que requerir.

1984 986 827 208 Chanson .xuiii.

1633 1234 1640 197 'Un nouueau dard ie suis frappé,

1636 1384 1250 146 Par Cupido cruel de soy:

1631 1490 1491 185 De luy pensoys estre eschappé,

1261 1629 1530 170 Mais cuydant fuyr, me decoy,

1265 1759 1224 157 Et remede ie n'appercoy

1261 1876 1125 161 A ma douleur secrette,

1265 1996 1265 151 Fors de crier, allegez moy

1265 2120 1358 188 Doulce plaisant Brunette.

1275 2351 1526 187 Si au Monde ne fussiez point,

1261 2495 1449 154 Belle, iamais ie n'aymerois:

1265 2622 1720 164 Uous seulle auez gaigné le poinct,

1265 2746 1445 157 Que si bien garder t'esperois:

1261 2873 1817 164 Mais quand a mon gre uous aurois

1261 2993 1292 157 En ma chambre seullette,

1271 3117 1566 174 Pour me uenger, ie uous feroys

1265 3241 1211 190 La couleur uermeillette.

1994 3458 740 224 Chanson .xix.

1676 3687 1687 206 Auldicte soit la mondaine richesse.

1676 3848 2003 201 Qui m'a oste m'Amye, et ma Maistresse.

1676 3993 1732 171 Las par uertu i'ay son amytie quise,

1258 4117 2075 167 Mais par richesse ung aultre la conquise:

1251 4251 1945 177 Uertu na pas en amour grand prouesse.

1258 4475 2162 191 Dieu gard de mal la Nymphe, et la Déesse:

1258 4612 1844 161 Mauldict soit l'Or, ou elle a sa liesse,

1258 4743 1830 170 Mauldicte soit la fine Soye exquise,

1251 4866 1647 215 Le Dyamant, et la Perle requise

1255 3722 416 397 M
