<?xml version="1.0" encoding="UTF-8"?>
<alto xmlns:xsi="http://www.w3.org/2001/XMLSchema-instance"
      xmlns="http://www.loc.gov/standards/alto/ns-v4#"
      xsi:schemaLocation="http://www.loc.gov/standards/alto/ns-v4# http://www.loc.gov/standards/alto/v4/alto-4-2.xsd">
  <Description>
    <MeasurementUnit>pixel</MeasurementUnit>
    <sourceImageInformation>
      <fileName>Les_Oeuvres_de_Clément_Marot_Gallica_bpt6k87118420.pdf_page_146.png</fileName>
      <fileIdentifier>pdf//Les_Oeuvres_de_Clément_Marot_Gallica_bpt6k87118420.pdf</fileIdentifier>
    </sourceImageInformation>
  </Description>
  
  <Tags>
    <OtherTag ID="BT11071" LABEL="MainZone" DESCRIPTION="block type MainZone"/><OtherTag ID="BT11070" LABEL="GraphicZone" DESCRIPTION="block type GraphicZone"/><OtherTag ID="BT11069" LABEL="DropCapitalZone" DESCRIPTION="block type DropCapitalZone"/><OtherTag ID="BT11068" LABEL="DamageZone" DESCRIPTION="block type DamageZone"/><OtherTag ID="BT11078" LABEL="TitlePageZone" DESCRIPTION="block type TitlePageZone"/><OtherTag ID="BT11077" LABEL="StampZone" DESCRIPTION="block type StampZone"/><OtherTag ID="BT11076" LABEL="RunningTitleZone" DESCRIPTION="block type RunningTitleZone"/><OtherTag ID="BT11075" LABEL="QuireMarksZone" DESCRIPTION="block type QuireMarksZone"/><OtherTag ID="BT11074" LABEL="NumberingZone" DESCRIPTION="block type NumberingZone"/><OtherTag ID="BT11073" LABEL="MarginTextZone:handwrittenAddition" DESCRIPTION="block type MarginTextZone:handwrittenAddition"/><OtherTag ID="BT11072" LABEL="MarginTextZone" DESCRIPTION="block type MarginTextZone"/>
    <OtherTag ID="LT4362" LABEL="default" DESCRIPTION="line type default"/><OtherTag ID="LT4359" LABEL="DefaultLine" DESCRIPTION="line type DefaultLine"/><OtherTag ID="LT4361" LABEL="HeadingLine" DESCRIPTION="line type HeadingLine"/><OtherTag ID="LT4360" LABEL="DropCapitalLine" DESCRIPTION="line type DropCapitalLine"/>
  </Tags>
  
  <Layout>
    <Page WIDTH="4267"
          HEIGHT="5983"
          PHYSICAL_IMG_NR="137"
          ID="eSc_dummypage_">
      <PrintSpace HPOS="0"
                  VPOS="0"
                  WIDTH="4267"
                  HEIGHT="5983">
        
        <TextBlock HPOS="1465"
                   VPOS="1533"
                   WIDTH="375"
                   HEIGHT="345"
                   ID="eSc_textblock_301eb8d4"
                   TAGREFS="BT11069">
          <Shape><Polygon POINTS="1577 1533 1465 1878 1840 1871 1765 1533"/></Shape>
          
          
          <TextLine ID="eSc_line_f9c6b23d"
                    TAGREFS="LT4360"
                    BASELINE="1496 1831 1810 1836" 
                    HPOS="1493"
                    VPOS="1537"
                    WIDTH="319"
                    HEIGHT="347">
            <Shape><Polygon POINTS="1496 1831 1601 1537 1734 1543 1812 1760 1810 1871 1789 1874 1756 1884 1742 1884 1729 1874 1735 1834 1493 1864"/></Shape>
	    <String CONTENT="A"
                    HPOS="1493"
                    VPOS="1537"
                    WIDTH="319"
                    HEIGHT="347"
                    WC="0.980997323989868"></String>
          </TextLine>

          
        </TextBlock>
        
        <TextBlock HPOS="1427"
                   VPOS="481"
                   WIDTH="2652"
                   HEIGHT="4440"
                   ID="eSc_textblock_a6634826"
                   TAGREFS="BT11071">
          <Shape><Polygon POINTS="1442 481 1427 4891 4079 4921 4079 526"/></Shape>
          
          
          <TextLine ID="eSc_line_8bae5dd2"
                    TAGREFS="LT4359"
                    BASELINE="1460 608 3325 621" 
                    HPOS="1456"
                    VPOS="495"
                    WIDTH="1869"
                    HEIGHT="186">
            <Shape><Polygon POINTS="3322 535 3289 525 3255 518 3249 515 3139 498 3136 498 3026 525 3023 525 3019 525 2956 501 2953 501 2949 501 2946 501 2903 525 2900 525 2700 525 2700 521 2604 495 2600 495 2597 495 2344 518 2304 495 2291 498 2258 498 2224 498 2191 498 2175 498 2145 518 2145 521 2018 521 2015 518 1975 498 1958 498 1925 498 1915 498 1809 515 1782 501 1759 501 1726 501 1692 501 1659 501 1626 501 1593 501 1559 501 1526 501 1493 501 1470 501 1460 508 1460 608 1456 654 1619 648 1666 658 1699 668 1702 668 1706 668 1709 668 1712 668 1722 658 1736 651 1746 658 1759 668 1762 668 1765 668 1769 668 1815 658 1869 648 1895 658 1925 671 1928 671 1932 671 2091 658 2148 654 2178 658 2264 671 2268 671 2328 658 2357 651 2364 658 2384 674 2387 674 2391 674 2394 678 2570 678 2570 674 2574 674 2644 658 2653 654 2657 658 2677 674 2680 674 2683 674 2687 674 2690 674 2720 661 2903 678 2906 678 3066 658 3089 678 3092 678 3096 678 3099 681 3222 681 3222 678 3322 654 3325 621 3322 535 3322 535"/></Shape>
	    <String CONTENT="Aussi tousez, qu&#x27;un moine, ou capellan:"
                    HPOS="1456"
                    VPOS="495"
                    WIDTH="1869"
                    HEIGHT="186"
                    WC="0.982194816454863"></String>
          </TextLine>

          
          
          <TextLine ID="eSc_line_548f946d"
                    TAGREFS="LT4359"
                    BASELINE="1466 727 3558 747" 
                    HPOS="1463"
                    VPOS="631"
                    WIDTH="2095"
                    HEIGHT="173">
            <Shape><Polygon POINTS="3545 668 3415 668 3412 664 3382 644 3379 644 3375 644 3372 644 3369 644 3299 661 3292 664 3289 661 3272 648 3272 644 3269 644 3265 644 3262 644 3092 661 3059 661 3046 658 2979 641 2976 641 2973 641 2969 641 2910 658 2890 661 2717 661 2703 654 2673 638 2670 638 2667 638 2574 651 2530 658 2481 651 2381 634 2377 634 2298 648 2258 654 2221 648 2151 631 2148 631 2145 631 2105 644 2088 651 2008 644 1875 631 1872 631 1466 634 1466 727 1463 757 1589 781 1593 781 2022 767 2085 767 2091 767 2158 794 2161 794 2165 794 2168 794 2228 771 2231 771 2238 771 2354 794 2357 794 2494 777 2617 797 2620 797 2723 777 2753 774 2763 781 2787 797 2790 797 2793 797 2796 797 2800 797 2853 784 2896 801 2900 801 2903 801 3023 784 3076 777 3152 777 3169 787 3206 804 3209 804 3212 804 3216 804 3275 787 3302 781 3322 787 3355 804 3359 804 3362 804 3555 791 3558 747 3555 678 3545 668"/></Shape>
	    <String CONTENT="Mais uous uouldriez estre en Hierusalem,"
                    HPOS="1463"
                    VPOS="631"
                    WIDTH="2095"
                    HEIGHT="173"
                    WC="0.999890503287315"></String>
          </TextLine>

          
          
          <TextLine ID="eSc_line_f4f42eda"
                    TAGREFS="LT4359"
                    BASELINE="1463 857 3392 870" 
                    HPOS="1460"
                    VPOS="754"
                    WIDTH="1932"
                    HEIGHT="176">
            <Shape><Polygon POINTS="1463 857 1460 897 1506 920 1509 920 1513 924 1815 924 1815 920 1909 900 1925 897 1942 900 2025 924 2028 924 2032 927 2091 927 2091 924 2095 924 2098 924 2098 920 2118 904 2121 900 2308 900 2318 904 2344 924 2348 924 2351 924 2354 924 2454 907 2477 904 2487 907 2530 927 2534 927 2537 927 2540 927 2580 907 2584 907 2587 907 2644 927 2647 927 2650 927 2653 927 2707 910 2730 904 2757 910 2816 927 2820 927 2823 927 2826 927 2866 910 2886 904 2896 914 2916 930 2920 930 2923 930 2926 930 3029 914 3039 914 3049 914 3099 927 3102 927 3106 927 3109 927 3112 927 3126 914 3132 910 3136 917 3146 924 3149 924 3152 924 3156 924 3159 924 3162 924 3172 917 3182 907 3196 917 3212 930 3216 930 3219 930 3222 930 3388 917 3392 870 3392 787 3325 764 3322 764 3319 764 3083 784 3069 784 3063 784 2989 764 2986 764 2983 764 2979 764 2916 784 2913 784 2910 784 2863 761 2860 761 2856 761 2853 761 2850 761 2823 781 2690 764 2687 764 2683 764 2680 764 2663 777 2640 761 2637 761 2634 761 2630 761 2627 761 2624 761 2624 764 2604 781 2604 784 2520 784 2517 781 2497 761 2494 761 2491 761 2487 761 2484 761 2437 781 2434 781 2424 781 2304 757 2301 757 2155 777 2151 777 2145 777 2025 757 2022 757 2018 757 1952 777 1948 777 1942 777 1879 754 1875 754 1872 754 1869 754 1795 774 1519 754 1516 754 1513 754 1463 771 1463 857"/></Shape>
	    <String CONTENT="Quand ce uiendra a donner la secousse."
                    HPOS="1460"
                    VPOS="754"
                    WIDTH="1932"
                    HEIGHT="176"
                    WC="0.988331169654161"></String>
          </TextLine>

          
          
          <TextLine ID="eSc_line_583cb1d7"
                    TAGREFS="LT4359"
                    BASELINE="2101 980 2826 990" 
                    HPOS="2098"
                    VPOS="880"
                    WIDTH="728"
                    HEIGHT="190">
            <Shape><Polygon POINTS="2101 980 2098 1040 2171 1063 2175 1063 2178 1063 2258 1047 2530 1066 2534 1066 2537 1066 2574 1053 2584 1066 2587 1066 2587 1070 2590 1070 2594 1070 2597 1070 2823 1050 2826 990 2823 914 2557 910 2550 907 2520 884 2517 884 2514 884 2510 884 2417 904 2391 907 2344 900 2198 880 2195 880 2101 894 2101 980"/></Shape>
	    <String CONTENT="Aux champs."
                    HPOS="2098"
                    VPOS="880"
                    WIDTH="728"
                    HEIGHT="190"
                    WC="0.999966903166337"></String>
          </TextLine>

          
          
          <TextLine ID="eSc_line_bd1da488"
                    TAGREFS="LT4361"
                    BASELINE="1992 1219 3515 1243" 
                    HPOS="1988"
                    VPOS="1116"
                    WIDTH="1527"
                    HEIGHT="193">
            <Shape><Polygon POINTS="3455 1160 3422 1156 3398 1153 3382 1160 3362 1150 3355 1150 3322 1146 3302 1140 3252 1163 3083 1163 3059 1143 3056 1143 3053 1143 3049 1143 3046 1143 3006 1156 2979 1133 2979 1130 2976 1130 2973 1130 2969 1130 2966 1130 2873 1153 2338 1150 2205 1116 2032 1116 2028 1116 2025 1116 2022 1116 1992 1136 1992 1219 1988 1266 2018 1289 2022 1289 2025 1289 2028 1289 2032 1289 2088 1266 2208 1292 2211 1296 2281 1296 2281 1292 2284 1292 2288 1292 2324 1269 2331 1266 2341 1269 2387 1292 2391 1292 2394 1292 2524 1276 2594 1269 2610 1279 2637 1299 2640 1299 2644 1299 2647 1302 2723 1302 2723 1299 2790 1286 2860 1273 3029 1273 3102 1296 3132 1306 3136 1306 3508 1309 3515 1243 3515 1166 3498 1163 3488 1163"/></Shape>
	    <String CONTENT="Au Roy, pour auoir argent au"
                    HPOS="1988"
                    VPOS="1116"
                    WIDTH="1527"
                    HEIGHT="193"
                    WC="0.972403856260436"></String>
          </TextLine>

          
          
          <TextLine ID="eSc_line_da61155a"
                    TAGREFS="LT4361"
                    BASELINE="2308 1352 3232 1359" 
                    HPOS="2304"
                    VPOS="1249"
                    WIDTH="928"
                    HEIGHT="190">
            <Shape><Polygon POINTS="2384 1435 2387 1435 2391 1435 2507 1415 2570 1435 2574 1435 2577 1435 2737 1419 2757 1419 2777 1419 2883 1439 2886 1439 2953 1425 2983 1419 3226 1429 3232 1359 3229 1286 3109 1263 3106 1263 3019 1276 2996 1279 2989 1276 2953 1256 2949 1256 2946 1256 2856 1269 2796 1279 2780 1266 2760 1253 2757 1253 2753 1253 2750 1253 2747 1253 2743 1253 2727 1266 2710 1279 2554 1279 2524 1256 2520 1253 2517 1253 2514 1253 2444 1253 2441 1253 2437 1253 2434 1253 2371 1279 2311 1249 2308 1352 2304 1409"/></Shape>
	    <String CONTENT="desloger de Reins."
                    HPOS="2304"
                    VPOS="1249"
                    WIDTH="928"
                    HEIGHT="190"
                    WC="0.987295309702555"></String>
          </TextLine>

          
          
          <TextLine ID="eSc_line_49fb1640"
                    TAGREFS="LT4359"
                    BASELINE="1845 1605 3229 1598" 
                    HPOS="1836"
                    VPOS="1401"
                    WIDTH="1392"
                    HEIGHT="249">
            <Shape><Polygon POINTS="1841 1600 1841 1640 3218 1650 3228 1595 3208 1445 3124 1465 3064 1445 2964 1406 2959 1406 2764 1401 2759 1401 2754 1401 2749 1401 2709 1430 2400 1401 2395 1401 2390 1401 2280 1450 2245 1465 1836 1455 1841 1600"/></Shape>
	    <String CONTENT="U departir la uille de Reins"
                    HPOS="1836"
                    VPOS="1401"
                    WIDTH="1392"
                    HEIGHT="249"
                    WC="0.963402914149421"></String>
          </TextLine>

          
          
          <TextLine ID="eSc_line_c216bbc9"
                    TAGREFS="LT4359"
                    BASELINE="1845 1718 3761 1738" 
                    HPOS="1842"
                    VPOS="1615"
                    WIDTH="1919"
                    HEIGHT="183">
            <Shape><Polygon POINTS="3741 1655 3708 1651 3675 1648 3655 1645 3655 1648 3625 1642 3608 1642 3575 1638 3565 1635 3565 1638 3548 1651 3548 1655 3445 1655 3435 1651 3362 1628 3359 1628 3355 1628 3352 1628 3312 1648 3269 1628 3265 1628 3262 1628 3119 1642 3102 1628 3102 1625 3099 1625 3096 1625 2930 1625 2926 1625 2923 1625 2883 1645 2880 1645 2637 1645 2634 1642 2614 1622 2610 1622 2607 1622 2604 1622 2600 1622 2564 1642 2560 1642 2554 1642 2454 1622 2451 1622 2321 1638 2314 1638 2311 1638 2288 1618 2284 1618 2281 1618 2155 1615 2151 1615 1845 1632 1845 1718 1842 1758 1965 1778 1968 1778 1972 1778 2005 1761 2022 1755 2161 1755 2228 1768 2301 1781 2304 1781 2308 1781 2331 1768 2354 1758 2377 1771 2401 1781 2404 1781 2803 1788 2806 1788 2810 1788 2830 1778 2856 1764 2886 1778 2903 1788 2906 1788 2910 1788 2913 1788 2933 1781 2969 1764 3016 1781 3026 1784 3029 1784 3033 1784 3036 1784 3046 1781 3102 1764 3129 1784 3136 1791 3139 1791 3142 1791 3146 1791 3196 1784 3329 1768 3418 1791 3438 1794 3442 1794 3445 1794 3448 1794 3462 1791 3515 1771 3558 1791 3565 1794 3568 1794 3571 1798 3758 1798 3761 1738 3761 1658 3741 1655"/></Shape>
	    <String CONTENT="Faulte d&#x27;argent me rend foible de reins,"
                    HPOS="1842"
                    VPOS="1615"
                    WIDTH="1919"
                    HEIGHT="183"
                    WC="0.983757464587688"></String>
          </TextLine>

          
          
          <TextLine ID="eSc_line_54006655"
                    TAGREFS="LT4359"
                    BASELINE="1848 1836 3748 1864" 
                    HPOS="1848"
                    VPOS="1735"
                    WIDTH="1900"
                    HEIGHT="182">
            <Shape><Polygon POINTS="1932 1735 1972 1755 2101 1741 2111 1741 2145 1764 2151 1768 2254 1768 2258 1764 2364 1741 2374 1741 2414 1768 2417 1771 2421 1768 2451 1748 2461 1748 2557 1768 2610 1748 2620 1748 2713 1774 2733 1774 2843 1748 2850 1748 2930 1778 2936 1778 2959 1758 2973 1758 3033 1774 3126 1755 3136 1755 3136 1758 3162 1781 3166 1781 3249 1755 3255 1755 3422 1774 3495 1758 3508 1758 3541 1784 3641 1768 3645 1768 3744 1791 3748 1864 3741 1917 3342 1914 3339 1914 3325 1911 3265 1884 2993 1884 2973 1901 2959 1901 2833 1881 2810 1897 2803 1904 2796 1904 2796 1907 2670 1907 2667 1904 2663 1904 2644 1894 2607 1877 2487 1891 2401 1901 2397 1901 2311 1887 2224 1874 2131 1884 2022 1894 2018 1894 1905 1877 1848 1871 1850 1735"/></Shape>
	    <String CONTENT="Roy des Francoys, uoire de telle sorte,"
                    HPOS="1848"
                    VPOS="1735"
                    WIDTH="1900"
                    HEIGHT="182"
                    WC="0.994400733556503"></String>
          </TextLine>

          
          
          <TextLine ID="eSc_line_187477e7"
                    TAGREFS="LT4359"
                    BASELINE="1460 1971 3412 1977" 
                    HPOS="1456"
                    VPOS="1868"
                    WIDTH="1956"
                    HEIGHT="159">
            <Shape><Polygon POINTS="1460 1971 1456 2014 1672 2000 1746 2017 1756 2020 1759 2020 1762 2020 1805 2017 2028 2000 2098 2000 2115 2017 2118 2017 2118 2020 2121 2020 2125 2020 2128 2024 2128 2020 2131 2020 2135 2020 2135 2017 2138 2017 2155 2000 2201 2017 2205 2017 2208 2017 2214 2017 2334 2000 2367 2017 2374 2020 2377 2020 2381 2020 2417 2017 2520 2004 2544 2017 2550 2024 2554 2024 2557 2024 2560 2024 2564 2024 2594 2017 2644 2004 2693 2017 2720 2024 2723 2024 2727 2024 2730 2024 2747 2017 2767 2007 2813 2017 2856 2024 2860 2027 3003 2027 3003 2024 3006 2024 3009 2024 3009 2020 3016 2017 3026 2007 3076 2017 3126 2024 3129 2024 3408 2014 3412 1977 3408 1894 3209 1894 3209 1891 3189 1874 3189 1871 3186 1871 3182 1871 3179 1871 3176 1871 3129 1891 3069 1871 3066 1871 3063 1871 3059 1871 3009 1891 2956 1871 2953 1871 2949 1871 2733 1891 2713 1891 2481 1891 2148 1887 2095 1868 2091 1868 2088 1868 2085 1868 2042 1887 1938 1868 1935 1868 1646 1887 1622 1887 1613 1887 1513 1868 1509 1868 1506 1868 1460 1884 1460 1971"/></Shape>
	    <String CONTENT="Oue ne scay pas comment d&#x27;icy ie sorte,"
                    HPOS="1456"
                    VPOS="1868"
                    WIDTH="1956"
                    HEIGHT="159"
                    WC="0.9899959093646"></String>
          </TextLine>

          
          
          <TextLine ID="eSc_line_301096c3"
                    TAGREFS="LT4359"
                    BASELINE="1463 2097 2328 2090 3811 2110" 
                    HPOS="1463"
                    VPOS="1984"
                    WIDTH="2348"
                    HEIGHT="189">
            <Shape><Polygon POINTS="3808 2024 3668 2024 3665 2020 3625 2000 3621 2000 3618 2000 3615 2000 3611 2000 3588 2020 3585 2024 3402 2024 3392 2017 3329 1997 3325 1997 3322 1997 3319 1997 3272 2017 2890 2017 2890 2014 2866 1994 2863 1994 2860 1994 2856 1994 2584 2010 2580 2010 2537 1991 2534 1991 2530 1991 2437 2010 2434 2010 2431 2010 2381 1991 2377 1991 2374 1991 2141 2007 2135 2007 2101 1987 2098 1987 2095 1987 2091 1987 1948 2007 1932 2007 1902 2007 1636 1984 1632 1984 1463 2000 1463 2097 1463 2147 1885 2140 1932 2150 1972 2157 1975 2157 1978 2157 1982 2157 1992 2150 2005 2140 2061 2150 2168 2167 2171 2167 2175 2167 2208 2150 2221 2143 2241 2150 2301 2167 2304 2167 2308 2167 2381 2150 2407 2143 2424 2150 2454 2163 2457 2163 2461 2163 2637 2150 2653 2150 2657 2150 2717 2170 2720 2170 2989 2173 2993 2173 2996 2173 3039 2157 3159 2173 3162 2173 3166 2173 3236 2150 3239 2150 3242 2150 3292 2173 3295 2173 3299 2173 3302 2173 3362 2150 3369 2150 3405 2150 3641 2167 3645 2167 3808 2150 3811 2110 3811 2040 3808 2024"/></Shape>
	    <String CONTENT="Car mon cheual tient mieulx que par les creins."
                    HPOS="1463"
                    VPOS="1984"
                    WIDTH="2348"
                    HEIGHT="189"
                    WC="0.999878912530047"></String>
          </TextLine>

          
          
          <TextLine ID="eSc_line_cb2345ab"
                    TAGREFS="LT4359"
                    BASELINE="1460 2336 3655 2356" 
                    HPOS="1456"
                    VPOS="2217"
                    WIDTH="2199"
                    HEIGHT="202">
            <Shape><Polygon POINTS="1460 2336 1456 2386 1819 2376 1849 2393 1852 2393 1855 2393 1859 2393 1958 2379 2105 2399 2141 2403 2145 2403 2148 2403 2151 2403 2155 2399 2188 2379 2294 2403 2324 2406 2328 2406 2361 2403 2481 2383 2540 2403 2547 2406 2550 2406 2554 2406 2557 2406 2560 2406 2600 2386 2720 2386 2767 2406 2770 2406 3139 2413 3142 2413 3146 2413 3152 2413 3219 2389 3295 2413 3305 2416 3309 2416 3312 2419 3651 2419 3655 2356 3655 2266 3362 2266 3355 2260 3339 2243 3335 2243 3332 2243 3329 2243 3325 2243 3322 2243 3302 2260 3292 2263 3023 2263 3013 2253 2999 2240 2996 2240 2993 2240 2989 2240 2986 2240 2946 2253 2926 2260 2913 2253 2873 2227 2870 2227 2866 2227 2680 2227 2677 2227 2673 2227 2614 2246 2584 2256 2481 2256 2464 2246 2431 2223 2427 2223 2424 2223 2421 2223 2318 2243 2261 2253 2238 2240 2195 2220 2191 2220 2188 2220 2085 2236 2015 2220 2012 2220 2008 2220 2005 2220 2002 2220 2002 2223 1985 2236 1982 2240 1952 2236 1805 2217 1802 2217 1799 2217 1795 2217 1775 2233 1756 2246 1652 2243 1636 2230 1616 2217 1613 2217 1609 2217 1606 2217 1460 2227 1460 2336"/></Shape>
	    <String CONTENT="Puis l&#x27;hoste est rude, ⁊ plein de gros refrains:"
                    HPOS="1456"
                    VPOS="2217"
                    WIDTH="2199"
                    HEIGHT="202"
                    WC="0.995042074233928"></String>
          </TextLine>

          
          
          <TextLine ID="eSc_line_356c4eb4"
                    TAGREFS="LT4359"
                    BASELINE="1476 2472 2427 2463 3302 2479" 
                    HPOS="1476"
                    VPOS="2359"
                    WIDTH="1826"
                    HEIGHT="170">
            <Shape><Polygon POINTS="1476 2472 1476 2522 1553 2499 1609 2499 1632 2519 1632 2522 1636 2522 1639 2522 1642 2522 1646 2522 1696 2499 1855 2516 1859 2516 2038 2499 2088 2522 2091 2522 2095 2522 2201 2499 2407 2516 2411 2516 2491 2502 2537 2526 2540 2526 2544 2529 2610 2529 2610 2526 2614 2526 2617 2526 2617 2522 2640 2502 2737 2519 2740 2519 2743 2519 2790 2502 2816 2526 2820 2526 2823 2526 2826 2529 3299 2529 3302 2479 3295 2383 2770 2383 2760 2379 2740 2363 2737 2363 2733 2363 2597 2363 2594 2363 2590 2363 2564 2376 2550 2383 2530 2376 2487 2363 2484 2363 2481 2363 2477 2363 2474 2363 2454 2376 2441 2383 2268 2376 2048 2366 2045 2366 1998 2373 1968 2379 1962 2373 1948 2363 1948 2359 1945 2359 1942 2359 1938 2359 1476 2369 1476 2472"/></Shape>
	    <String CONTENT="Ie y laisseray mors, bossetes, ⁊ frains,"
                    HPOS="1476"
                    VPOS="2359"
                    WIDTH="1826"
                    HEIGHT="170"
                    WC="0.998619998991489"></String>
          </TextLine>

          
          
          <TextLine ID="eSc_line_574f0430"
                    TAGREFS="LT4359"
                    BASELINE="1466 2582 3239 2595" 
                    HPOS="1463"
                    VPOS="2476"
                    WIDTH="1776"
                    HEIGHT="189">
            <Shape><Polygon POINTS="1466 2582 1463 2645 1579 2652 1583 2652 1586 2652 1596 2649 1652 2619 1756 2619 1799 2649 1802 2649 1805 2649 1809 2649 1812 2649 1815 2649 1815 2645 1845 2619 1905 2619 2032 2652 2035 2652 2038 2652 2042 2652 2168 2622 2348 2622 2454 2655 2464 2659 2467 2659 2471 2659 2491 2655 2657 2625 2703 2659 2707 2659 2710 2659 2713 2659 2720 2659 2790 2645 2813 2659 2813 2662 2816 2662 2820 2662 2823 2665 3236 2665 3239 2595 3239 2512 2836 2512 2830 2509 2800 2489 2796 2489 2793 2489 2790 2489 2787 2489 2723 2506 2697 2482 2693 2482 2690 2482 2687 2482 2557 2506 2550 2506 2504 2482 2501 2482 2351 2479 2348 2479 2231 2502 2228 2506 2111 2506 2108 2502 2048 2479 2045 2479 2042 2479 1785 2499 1762 2479 1759 2479 1756 2479 1752 2479 1652 2499 1649 2499 1642 2499 1553 2476 1549 2476 1546 2476 1543 2476 1466 2496 1466 2582"/></Shape>
	    <String CONTENT="Ce ma il dit, ou le Diable l&#x27;emporte"
                    HPOS="1463"
                    VPOS="2476"
                    WIDTH="1776"
                    HEIGHT="189"
                    WC="0.989328291681078"></String>
          </TextLine>

          
          
          <TextLine ID="eSc_line_4391447f"
                    TAGREFS="LT4359"
                    BASELINE="2105 2712 2753 2705" 
                    HPOS="2101"
                    VPOS="2602"
                    WIDTH="652"
                    HEIGHT="156">
            <Shape><Polygon POINTS="2105 2712 2108 2758 2181 2742 2341 2752 2421 2755 2424 2755 2427 2755 2431 2755 2437 2748 2454 2738 2750 2738 2753 2705 2747 2635 2657 2632 2624 2602 2620 2602 2617 2602 2614 2602 2610 2602 2517 2632 2304 2605 2301 2605 2298 2605 2294 2605 2294 2609 2264 2632 2138 2605 2135 2605 2131 2605 2128 2605 2101 2625 2105 2712"/></Shape>
	    <String CONTENT="Au departir."
                    HPOS="2101"
                    VPOS="2602"
                    WIDTH="652"
                    HEIGHT="156"
                    WC="0.999989102284114"></String>
          </TextLine>

          
          
          <TextLine ID="eSc_line_766809ec"
                    TAGREFS="LT4359"
                    BASELINE="1473 2835 3681 2855" 
                    HPOS="1470"
                    VPOS="2722"
                    WIDTH="2211"
                    HEIGHT="189">
            <Shape><Polygon POINTS="1473 2835 1470 2888 1789 2871 1835 2891 1839 2891 1842 2891 1845 2891 1849 2891 1879 2875 2025 2875 2045 2891 2048 2891 2052 2891 2055 2891 2195 2875 2224 2898 2228 2901 2231 2901 2234 2901 2846 2905 2850 2905 2853 2905 2860 2905 2943 2881 2979 2905 2983 2908 2986 2908 2989 2908 2993 2911 3282 2911 3282 2908 3285 2908 3289 2908 3289 2905 3315 2885 3675 2908 3681 2855 3678 2768 3136 2765 3129 2758 3109 2742 3106 2742 3102 2742 3099 2742 3023 2758 2996 2762 2986 2755 2949 2732 2946 2732 2943 2732 2940 2732 2936 2732 2890 2755 2880 2758 2866 2755 2810 2738 2806 2738 2803 2738 2800 2738 2796 2738 2777 2752 2767 2758 2514 2758 2504 2748 2494 2738 2491 2738 2487 2738 2484 2738 2481 2738 2454 2748 2444 2752 2434 2748 2384 2728 2381 2728 2377 2728 2301 2745 2261 2755 2244 2745 2214 2725 2211 2725 2208 2725 2061 2725 2058 2725 2055 2725 2052 2725 2028 2742 2025 2745 2022 2742 1998 2725 1995 2725 1992 2725 1988 2725 1985 2725 1945 2742 1928 2745 1909 2738 1842 2722 1839 2722 1835 2722 1473 2732 1473 2835"/></Shape>
	    <String CONTENT="Si uous supply, Prince, que i&#x27;ayme, ⁊ crains,"
                    HPOS="1470"
                    VPOS="2722"
                    WIDTH="2211"
                    HEIGHT="189"
                    WC="0.976294230090247"></String>
          </TextLine>

          
          
          <TextLine ID="eSc_line_eba3c813"
                    TAGREFS="LT4359"
                    BASELINE="1466 2954 3585 2978" 
                    HPOS="1463"
                    VPOS="2851"
                    WIDTH="2122"
                    HEIGHT="177">
            <Shape><Polygon POINTS="1466 2954 1463 3001 1762 2991 1975 3011 1985 3011 1988 3011 1992 3011 2071 2994 2214 3014 2224 3014 2228 3014 2244 3014 2434 3001 2826 3021 2856 3021 2860 3021 2866 3021 2959 3004 3578 3028 3585 2978 3585 2895 3438 2895 3435 2891 3405 2871 3402 2871 3398 2871 3395 2871 3063 2888 3019 2888 3013 2888 2953 2865 2949 2865 2946 2865 2846 2885 2840 2885 2750 2885 2604 2881 2587 2865 2587 2861 2584 2861 2580 2861 2577 2861 2574 2861 2527 2881 2524 2881 2268 2881 2264 2878 2214 2858 2211 2858 2208 2858 1892 2875 1859 2875 1852 2875 1772 2851 1769 2851 1765 2851 1466 2868 1466 2954"/></Shape>
	    <String CONTENT="Faictes miracle, auecques aulcuns grains,"
                    HPOS="1463"
                    VPOS="2851"
                    WIDTH="2122"
                    HEIGHT="177"
                    WC="0.996874114362205"></String>
          </TextLine>

          
          
          <TextLine ID="eSc_line_779ce07f"
                    TAGREFS="LT4359"
                    BASELINE="1460 3077 2996 3091" 
                    HPOS="1456"
                    VPOS="2971"
                    WIDTH="1540"
                    HEIGHT="170">
            <Shape><Polygon POINTS="1460 3077 1456 3114 2228 3141 2231 3141 2993 3127 2996 3091 2996 3008 2896 2981 2893 2981 2890 2981 2763 3004 2753 3004 2487 3004 2484 3001 2451 2978 2447 2978 2444 2978 2441 2978 2437 2978 2381 3001 2374 3001 2211 3001 2211 2998 2188 2978 2188 2974 2185 2974 2181 2974 2178 2974 2175 2974 2085 2998 2078 2998 1978 2998 1862 2994 1815 2971 1812 2971 1662 2971 1659 2971 1656 2971 1652 2971 1626 2994 1622 2994 1609 2991 1496 2971 1493 2971 1489 2971 1460 2984 1460 3077"/></Shape>
	    <String CONTENT="Resuscitez ceste personne morte,"
                    HPOS="1456"
                    VPOS="2971"
                    WIDTH="1540"
                    HEIGHT="170"
                    WC="0.972918417304754"></String>
          </TextLine>

          
          
          <TextLine ID="eSc_line_296c504c"
                    TAGREFS="LT4359"
                    BASELINE="1483 3204 3369 3217" 
                    HPOS="1479"
                    VPOS="3097"
                    WIDTH="1890"
                    HEIGHT="167">
            <Shape><Polygon POINTS="1483 3204 1479 3237 1656 3254 1659 3254 1662 3254 1712 3240 1722 3237 1729 3240 1756 3254 1759 3254 1762 3254 1902 3240 1945 3237 1958 3240 2008 3257 2012 3257 2015 3257 2271 3240 2311 3240 2338 3240 2510 3260 2514 3260 2517 3260 2520 3260 2537 3244 2597 3260 2600 3260 2604 3260 2886 3247 2946 3264 2949 3264 2953 3264 3365 3244 3369 3217 3369 3134 3285 3111 3282 3111 3279 3111 3275 3111 3272 3111 3239 3131 3236 3134 3029 3134 3016 3127 2986 3111 2983 3111 2979 3111 2976 3111 2926 3124 2896 3131 2783 3121 2617 3107 2614 3107 2567 3117 2520 3127 2471 3114 2427 3104 2424 3104 2421 3104 2417 3104 2391 3114 2367 3124 2338 3114 2318 3104 2314 3104 2311 3104 2308 3104 2284 3111 2248 3127 1995 3127 1955 3104 1945 3101 1942 3101 1938 3101 1892 3104 1706 3121 1483 3097 1483 3204"/></Shape>
	    <String CONTENT="Ou aultrement demourray a la porte"
                    HPOS="1479"
                    VPOS="3097"
                    WIDTH="1890"
                    HEIGHT="167"
                    WC="0.998424845583299"></String>
          </TextLine>

          
          
          <TextLine ID="eSc_line_0b271cfc"
                    TAGREFS="LT4359"
                    BASELINE="1473 3323 3428 3343" 
                    HPOS="1470"
                    VPOS="3220"
                    WIDTH="1958"
                    HEIGHT="180">
            <Shape><Polygon POINTS="1473 3323 1470 3380 1679 3383 1682 3383 1686 3383 1692 3380 1719 3367 1772 3380 1795 3387 1799 3387 1802 3390 2121 3390 2121 3387 2158 3380 2211 3370 2258 3380 2298 3390 2301 3390 2304 3390 2308 3390 2328 3380 2351 3370 2424 3380 2517 3393 2520 3393 2683 3380 2767 3373 2823 3380 2959 3397 2963 3397 3049 3380 3066 3377 3086 3380 3219 3400 3222 3400 3226 3400 3229 3400 3252 3380 3425 3380 3428 3343 3425 3250 3122 3257 3069 3247 2999 3234 2996 3234 2993 3234 2966 3247 2949 3257 2803 3257 2727 3244 2630 3234 2627 3234 2567 3244 2534 3250 2527 3244 2514 3234 2514 3230 2510 3230 2507 3230 2338 3227 2334 3227 2218 3244 2181 3247 2138 3244 2012 3224 2008 3224 1825 3240 1819 3240 1815 3240 1792 3220 1789 3220 1785 3220 1782 3220 1779 3220 1736 3240 1732 3240 1726 3240 1606 3220 1603 3220 1473 3237 1473 3323"/></Shape>
	    <String CONTENT="Auec plusieurs, qui sont a ce contrainctz"
                    HPOS="1470"
                    VPOS="3220"
                    WIDTH="1958"
                    HEIGHT="180"
                    WC="0.994979445527239"></String>
          </TextLine>

          
          
          <TextLine ID="eSc_line_19a0cd84"
                    TAGREFS="LT4359"
                    BASELINE="2108 3450 2800 3456" 
                    HPOS="2108"
                    VPOS="3343"
                    WIDTH="692"
                    HEIGHT="180">
            <Shape><Polygon POINTS="2108 3450 2108 3516 2141 3500 2165 3516 2168 3519 2171 3519 2175 3519 2178 3519 2254 3513 2401 3500 2437 3510 2487 3523 2491 3523 2494 3523 2497 3523 2560 3506 2577 3503 2604 3506 2717 3519 2720 3519 2723 3519 2796 3500 2800 3456 2796 3377 2667 3347 2663 3347 2660 3347 2597 3373 2594 3373 2560 3373 2211 3343 2208 3343 2108 3363 2108 3450"/></Shape>
	    <String CONTENT="Au departir."
                    HPOS="2108"
                    VPOS="3343"
                    WIDTH="692"
                    HEIGHT="180"
                    WC="0.999884853760401"></String>
          </TextLine>

          
          
          <TextLine ID="eSc_line_d5f0878c"
                    TAGREFS="LT4361"
                    BASELINE="1869 3714 3611 3731" 
                    HPOS="1861"
                    VPOS="3584"
                    WIDTH="1747"
                    HEIGHT="170">
            <Shape><Polygon POINTS="1861 3749 3598 3754 3608 3729 3608 3594 1866 3584 1866 3709"/></Shape>
	    <String CONTENT="De celle, qui pour Estreines enuoie"
                    HPOS="1861"
                    VPOS="3584"
                    WIDTH="1747"
                    HEIGHT="170"
                    WC="0.997258012635367"></String>
          </TextLine>

          
          
          <TextLine ID="eSc_line_211f75e2"
                    TAGREFS="LT4361"
                    BASELINE="1975 3829 3531 3842" 
                    HPOS="1972"
                    VPOS="3719"
                    WIDTH="1559"
                    HEIGHT="179">
            <Shape><Polygon POINTS="1972 3872 2387 3892 2391 3892 2394 3892 2397 3892 2421 3875 2454 3892 2457 3892 2461 3892 2703 3875 2747 3875 2760 3878 2840 3895 2843 3895 3102 3878 3119 3878 3139 3895 3139 3898 3142 3898 3146 3898 3149 3898 3528 3878 3531 3842 3528 3752 3349 3752 3342 3749 3292 3729 3289 3729 3285 3729 3179 3746 3146 3749 3129 3742 3086 3729 3083 3729 3079 3729 3076 3729 3023 3742 3003 3746 2943 3739 2753 3722 2540 3722 2537 3722 2534 3722 2530 3722 2530 3726 2520 3732 2510 3742 2477 3732 2441 3722 2437 3722 2434 3722 2431 3722 2397 3732 2367 3739 2354 3729 2341 3719 2338 3719 2334 3719 2331 3719 2328 3719 2294 3729 2264 3739 1975 3726 1975 3829"/></Shape>
	    <String CONTENT="a son Amy une de ses couleurs."
                    HPOS="1972"
                    VPOS="3719"
                    WIDTH="1559"
                    HEIGHT="179"
                    WC="0.995284541447957"></String>
          </TextLine>

          
          
          <TextLine ID="eSc_line_9d16299b"
                    TAGREFS="LT4359"
                    BASELINE="1749 4098 3438 4091" 
                    HPOS="1741"
                    VPOS="3953"
                    WIDTH="1692"
                    HEIGHT="175">
            <Shape><Polygon POINTS="1746 4123 3423 4128 3433 4088 3423 3983 3238 3983 3238 3978 3213 3958 3213 3953 3208 3953 3203 3953 3199 3953 3194 3953 3144 3978 3139 3978 1741 3958 1746 4093"/></Shape>
	    <String CONTENT="Oubz esperance, ⁊ attente d&#x27;auoir"
                    HPOS="1741"
                    VPOS="3953"
                    WIDTH="1692"
                    HEIGHT="175"
                    WC="0.999362306669354"></String>
          </TextLine>

          
          
          <TextLine ID="eSc_line_f411b52b"
                    TAGREFS="LT4359"
                    BASELINE="1735 4201 3591 4214" 
                    HPOS="1726"
                    VPOS="4088"
                    WIDTH="1862"
                    HEIGHT="154">
            <Shape><Polygon POINTS="2031 4093 1981 4093 1931 4093 1881 4093 1831 4093 1781 4093 1776 4088 1731 4088 1731 4198 1726 4242 3583 4242 3588 4213 3583 4118 2036 4093 2031 4093"/></Shape>
	    <String CONTENT="Responce faicte en plus profond sauoir"
                    HPOS="1726"
                    VPOS="4088"
                    WIDTH="1862"
                    HEIGHT="154"
                    WC="0.986734349476664"></String>
          </TextLine>

          
          
          <TextLine ID="eSc_line_42514cbe"
                    TAGREFS="LT4359"
                    BASELINE="1728 4325 4057 4357" 
                    HPOS="1727"
                    VPOS="4209"
                    WIDTH="2325"
                    HEIGHT="193">
            <Shape><Polygon POINTS="1871 4223 4052 4227 4052 4352 4042 4402 1727 4352 1729 4209"/></Shape>
	    <String CONTENT="Les miens espritz una lonrd Rondeau t&#x27;escriuẽt,"
                    HPOS="1727"
                    VPOS="4209"
                    WIDTH="2325"
                    HEIGHT="193"
                    WC="0.988360953827699"></String>
          </TextLine>

          
          
          <TextLine ID="eSc_line_c5120d43"
                    TAGREFS="LT4359"
                    BASELINE="1473 4450 3369 4460" 
                    HPOS="1470"
                    VPOS="4344"
                    WIDTH="1899"
                    HEIGHT="166">
            <Shape><Polygon POINTS="1473 4450 1470 4493 2032 4480 2095 4500 2101 4503 2105 4503 2108 4503 2171 4503 2620 4483 2750 4507 2767 4507 2770 4507 2783 4507 2876 4487 2916 4507 2920 4507 2923 4507 2926 4510 3365 4510 3369 4460 3369 4370 3289 4350 3285 4350 3282 4350 3279 4350 3206 4370 3202 4374 2743 4374 2733 4367 2707 4354 2703 4354 2700 4354 2697 4354 2653 4367 2650 4367 2647 4367 2620 4347 2617 4347 2614 4347 2610 4347 2607 4347 2537 4364 2530 4367 2527 4364 2510 4350 2510 4347 2507 4347 2504 4347 2501 4347 2338 4364 2284 4367 2224 4364 2035 4344 2032 4344 1958 4360 1952 4360 1948 4360 1912 4344 1909 4344 1905 4344 1902 4344 1899 4344 1879 4360 1869 4364 1825 4357 1702 4344 1699 4344 1473 4354 1473 4450"/></Shape>
	    <String CONTENT="Et deuers toy peu d&#x27;estreines arriuent"
                    HPOS="1470"
                    VPOS="4344"
                    WIDTH="1899"
                    HEIGHT="166"
                    WC="0.97434110672046"></String>
          </TextLine>

          
          
          <TextLine ID="eSc_line_4294ba8f"
                    TAGREFS="LT4359"
                    BASELINE="1470 4573 3538 4586" 
                    HPOS="1466"
                    VPOS="4467"
                    WIDTH="2072"
                    HEIGHT="179">
            <Shape><Polygon POINTS="1470 4573 1466 4630 1573 4633 1576 4633 1579 4633 1583 4633 1632 4610 1696 4633 1699 4633 1702 4633 1706 4633 1709 4633 1712 4633 1779 4610 1799 4626 1799 4630 1802 4630 1805 4630 1809 4630 2171 4613 2221 4633 2228 4636 2231 4636 2234 4636 2238 4636 2248 4633 2314 4613 2421 4630 2424 4630 2504 4613 2634 4636 2667 4640 2670 4640 2717 4636 2873 4616 2896 4633 2900 4633 2903 4633 2906 4633 2910 4633 2913 4633 2943 4616 3056 4620 3076 4636 3083 4643 3086 4643 3089 4643 3092 4646 3295 4646 3295 4643 3299 4643 3309 4636 3342 4620 3395 4636 3415 4643 3418 4643 3422 4643 3535 4636 3538 4586 3531 4480 3026 4493 2903 4477 2866 4473 2863 4473 2860 4473 2856 4473 2853 4477 2830 4490 2624 4477 2504 4470 2501 4470 2497 4470 2484 4477 2464 4487 2441 4477 2424 4470 2421 4470 2417 4470 2374 4477 2308 4490 2035 4490 1998 4477 1968 4467 1965 4467 1962 4467 1470 4473 1470 4573"/></Shape>
	    <String CONTENT="Pour force amour entre nous concepuoir."
                    HPOS="1466"
                    VPOS="4467"
                    WIDTH="2072"
                    HEIGHT="179"
                    WC="0.997404459195259"></String>
          </TextLine>

          
          
          <TextLine ID="eSc_line_13806982"
                    TAGREFS="LT4359"
                    BASELINE="1460 4826 3997 4849" 
                    HPOS="1456"
                    VPOS="4703"
                    WIDTH="2541"
                    HEIGHT="206">
            <Shape><Polygon POINTS="1460 4826 1456 4892 1596 4882 1616 4899 1619 4899 1622 4899 1895 4902 1899 4902 1918 4899 1985 4886 2111 4902 2135 4902 2138 4902 2151 4902 2264 4879 2348 4902 2361 4906 2364 4906 2367 4906 2371 4906 2384 4902 2457 4879 2524 4902 2544 4909 2547 4909 2550 4909 2554 4909 2570 4902 2627 4882 2963 4906 2989 4906 2993 4906 3003 4906 3132 4886 3226 4902 3229 4902 3398 4889 3428 4909 3432 4909 3435 4909 3438 4909 3452 4909 3541 4889 3990 4909 3997 4849 3997 4739 2910 4739 2820 4729 2720 4719 2717 4719 2713 4719 2683 4726 2657 4733 2627 4726 2544 4709 2241 4709 2238 4709 2234 4709 2195 4723 2188 4726 2185 4723 2165 4706 2161 4706 2158 4706 1819 4703 1815 4703 1812 4703 1775 4719 1769 4723 1756 4719 1676 4703 1672 4703 1460 4716 1460 4826"/></Shape>
	    <String CONTENT="Gris, Blanc, ⁊ Bleu, sont mes couleurs (pour ueoir)"
                    HPOS="1456"
                    VPOS="4703"
                    WIDTH="2541"
                    HEIGHT="206"
                    WC="0.996272749760572"></String>
          </TextLine>

          
        </TextBlock>
        
        <TextBlock HPOS="1464"
                   VPOS="3982"
                   WIDTH="256"
                   HEIGHT="375"
                   ID="eSc_textblock_966cbd8c"
                   TAGREFS="BT11069">
          <Shape><Polygon POINTS="1502 3982 1464 4357 1720 4350 1713 3982"/></Shape>
          
          
          <TextLine ID="eSc_line_b519fe19"
                    TAGREFS="LT4360"
                    BASELINE="1478 4322 1713 4325" 
                    HPOS="1472"
                    VPOS="3988"
                    WIDTH="287"
                    HEIGHT="364">
            <Shape><Polygon POINTS="1477 4317 1537 3988 1759 3997 1712 4352 1472 4347"/></Shape>
	    <String CONTENT="S"
                    HPOS="1472"
                    VPOS="3988"
                    WIDTH="287"
                    HEIGHT="364"
                    WC="1.0"></String>
          </TextLine>

          
        </TextBlock>
        

        
      </PrintSpace>
    </Page>
  </Layout>
</alto>
