4267 6021
1244 852 352 387 D

1506 535 2118 197 A ma Dame Iehanne Gaillarde de Lyon,

1981 672 1148 174 Femme de bon scauoir.

1606 846 1697 167 Auoir le pris en science, ⁊ doctrine

1616 973 1662 155 Bien merita de Pisan la Cristine

1616 1093 1963 186 Durant ses iours: mais ta Plume dorée

1248 1217 1436 171 Delle seroit a present adoree,

1265 1344 1626 174 S'elle uiuoit par uolunte diuine.

1261 1542 1814 163 Car tout ainsi que le Feu Lor affine,

1258 1679 2068 174 Le Temps a faict nostre langue plus fine,

1255 1796 1626 174 De qui tu as l'eloquence asseurée

1984 1923 813 157 D'auoir le pris.

1258 2050 2450 181 Doncques ma Main rends toy humble, ⁊ benigne

1255 2170 1917 151 En donnant lieu a la Main feminine:

1258 2298 1894 150 N'escriptz plus rien en Ryme mesurée,

1271 2425 1858 160 Fors que tu es une Main bien heurée,

1261 2545 1871 184 D'auoir touché celle qui est tant digne

1984 2669 807 160 D'auoir le pris.

1613 2903 1884 201 Responce au precedent Rondeau par

1872 3060 1416 171 la dicte Iehanne Gaillarde.

1631 3286 1687 176 E m'acquiter ie me trouue surprise

1616 3406 2013 166 D'ung foible esprit, car a toy n'ay scauoir

1621 3557 1978 171 Correspondant: tu le peulx bien scauoir,

1241 3669 2199 191 Ueu qu'en cest art plus qu'aultre lon te prise.

1248 3903 1851 184 Si fusse autant eloquente, et apprise,

1248 4057 1907 154 Comme tu dys, ie feroys mon debuoir

1971 4171 786 150 De m'acquiter.

1241 4288 1951 174 Si ueulx prier la grace en toy comprise,

1241 4418 1844 164 Et les uertus, qui tant te font ualoir,

1241 4539 1894 170 De prendre en gre l'affectueux uouloir,

1241 4676 1878 177 Dont ignorance a rompu l'entreprinse

1954 4796 790 211 De m'acquiter.

1255 3266 351 421 D
