<?xml version="1.0" encoding="UTF-8"?>
<alto xmlns:xsi="http://www.w3.org/2001/XMLSchema-instance"
      xmlns="http://www.loc.gov/standards/alto/ns-v4#"
      xsi:schemaLocation="http://www.loc.gov/standards/alto/ns-v4# http://www.loc.gov/standards/alto/v4/alto-4-2.xsd">
  <Description>
    <MeasurementUnit>pixel</MeasurementUnit>
    <sourceImageInformation>
      <fileName>Les_Oeuvres_de_Clément_Marot_Gallica_bpt6k87118420.pdf_page_137.png</fileName>
      <fileIdentifier>pdf//Les_Oeuvres_de_Clément_Marot_Gallica_bpt6k87118420.pdf</fileIdentifier>
    </sourceImageInformation>
  </Description>
  
  <Tags>
    <OtherTag ID="BT11071" LABEL="MainZone" DESCRIPTION="block type MainZone"/><OtherTag ID="BT11070" LABEL="GraphicZone" DESCRIPTION="block type GraphicZone"/><OtherTag ID="BT11069" LABEL="DropCapitalZone" DESCRIPTION="block type DropCapitalZone"/><OtherTag ID="BT11068" LABEL="DamageZone" DESCRIPTION="block type DamageZone"/><OtherTag ID="BT11078" LABEL="TitlePageZone" DESCRIPTION="block type TitlePageZone"/><OtherTag ID="BT11077" LABEL="StampZone" DESCRIPTION="block type StampZone"/><OtherTag ID="BT11076" LABEL="RunningTitleZone" DESCRIPTION="block type RunningTitleZone"/><OtherTag ID="BT11075" LABEL="QuireMarksZone" DESCRIPTION="block type QuireMarksZone"/><OtherTag ID="BT11074" LABEL="NumberingZone" DESCRIPTION="block type NumberingZone"/><OtherTag ID="BT11073" LABEL="MarginTextZone:handwrittenAddition" DESCRIPTION="block type MarginTextZone:handwrittenAddition"/><OtherTag ID="BT11072" LABEL="MarginTextZone" DESCRIPTION="block type MarginTextZone"/>
    <OtherTag ID="LT4362" LABEL="default" DESCRIPTION="line type default"/><OtherTag ID="LT4359" LABEL="DefaultLine" DESCRIPTION="line type DefaultLine"/><OtherTag ID="LT4361" LABEL="HeadingLine" DESCRIPTION="line type HeadingLine"/><OtherTag ID="LT4360" LABEL="DropCapitalLine" DESCRIPTION="line type DropCapitalLine"/>
  </Tags>
  
  <Layout>
    <Page WIDTH="4267"
          HEIGHT="6104"
          PHYSICAL_IMG_NR="128"
          ID="eSc_dummypage_">
      <PrintSpace HPOS="0"
                  VPOS="0"
                  WIDTH="4267"
                  HEIGHT="6104">
        
        <TextBlock HPOS="2186"
                   VPOS="466"
                   WIDTH="616"
                   HEIGHT="165"
                   ID="eSc_textblock_4c46cb27"
                   TAGREFS="BT11075">
          <Shape><Polygon POINTS="2186 481 2186 631 2802 631 2802 466"/></Shape>
          
          
          <TextLine ID="eSc_line_b2924f3a"
                    TAGREFS="LT4359"
                    BASELINE="2184 586 2788 576" 
                    HPOS="2180"
                    VPOS="461"
                    WIDTH="608"
                    HEIGHT="196">
            <Shape><Polygon POINTS="2771 488 2737 488 2710 461 2689 461 2686 461 2618 484 2588 464 2588 464 2554 467 2520 467 2472 478 2445 471 2418 474 2384 474 2353 474 2337 491 2306 478 2282 481 2248 481 2235 481 2225 495 2180 495 2184 586 2184 644 2211 657 2214 657 2218 657 2221 657 2252 644 2286 623 2472 620 2510 647 2523 657 2526 657 2530 657 2533 657 2537 657 2540 657 2540 654 2547 647 2557 640 2784 651 2788 576 2781 491 2771 488"/></Shape>
	    <String CONTENT="Fueil .lxu."
                    HPOS="2180"
                    VPOS="461"
                    WIDTH="608"
                    HEIGHT="196"
                    WC="0.953017085790634"></String>
          </TextLine>

          
        </TextBlock>
        
        <TextBlock HPOS="1066"
                   VPOS="481"
                   WIDTH="707"
                   HEIGHT="150"
                   ID="eSc_textblock_7c058fbb"
                   TAGREFS="BT11076">
          <Shape><Polygon POINTS="1066 481 1074 631 1773 631 1773 481"/></Shape>
          
          
          <TextLine ID="eSc_line_9d95648c"
                    TAGREFS="LT4361"
                    BASELINE="1088 586 1761 587" 
                    HPOS="1084"
                    VPOS="483"
                    WIDTH="672"
                    HEIGHT="152">
            <Shape><Polygon POINTS="1695 483 1644 483 1593 483 1542 483 1512 483 1481 488 1456 483 1441 483 1390 483 1339 483 1323 483 1313 488 1237 483 1186 483 1135 483 1084 483 1084 584 1084 635 1756 615 1756 584 1756 488 1721 483 1695 483"/></Shape>
	    <String CONTENT="Rondeaulx."
                    HPOS="1084"
                    VPOS="483"
                    WIDTH="672"
                    HEIGHT="152"
                    WC="0.999998593330383"></String>
          </TextLine>

          
        </TextBlock>
        
        <TextBlock HPOS="353"
                   VPOS="3012"
                   WIDTH="286"
                   HEIGHT="369"
                   ID="eSc_textblock_c542d191"
                   TAGREFS="BT11069">
          <Shape><Polygon POINTS="353 3012 353 3381 639 3381 639 3012"/></Shape>
          
          
          <TextLine ID="eSc_line_eb367486"
                    TAGREFS="LT4360"
                    BASELINE="360 3355 624 3351" 
                    HPOS="346"
                    VPOS="2914"
                    WIDTH="275"
                    HEIGHT="458">
            <Shape><Polygon POINTS="356 3367 611 3372 621 3347 600 2914 493 2924 488 2924 483 2924 468 2940 427 2970 346 2965 356 3352"/></Shape>
	    <String CONTENT="P"
                    HPOS="346"
                    VPOS="2914"
                    WIDTH="275"
                    HEIGHT="458"
                    WC="1.0"></String>
          </TextLine>

          
        </TextBlock>
        
        <TextBlock HPOS="331"
                   VPOS="646"
                   WIDTH="2564"
                   HEIGHT="4576"
                   ID="eSc_textblock_cf3754b1"
                   TAGREFS="BT11071">
          <Shape><Polygon POINTS="331 669 353 5222 2066 5204 2727 4943 2895 3298 2472 646"/></Shape>
          
          
          <TextLine ID="eSc_line_24b7ad9f"
                    TAGREFS="LT4359"
                    BASELINE="345 790 1370 752 2459 746" 
                    HPOS="342"
                    VPOS="617"
                    WIDTH="2117"
                    HEIGHT="213">
            <Shape><Polygon POINTS="376 661 349 661 342 664 345 790 345 827 756 830 759 830 763 830 766 830 780 820 800 807 824 820 831 824 834 824 837 827 1105 827 1105 824 1109 824 1132 813 1180 793 1339 793 1526 807 1573 810 1577 810 1580 810 1597 807 1675 786 1763 803 1801 810 1804 810 1807 810 1811 810 1818 803 1845 783 1929 800 1967 807 1970 807 2028 800 2109 786 2123 796 2126 800 2126 803 2130 803 2133 803 2136 803 2306 800 2309 800 2323 793 2353 776 2452 790 2459 746 2452 640 2130 617 2126 617 2123 617 2011 647 1997 647 1970 647 1719 623 1716 623 1712 623 1624 651 1611 654 1597 651 1519 634 1516 634 1512 634 1468 654 1461 657 1461 654 1448 644 1448 640 1444 640 1441 640 1438 640 1316 654 1176 634 1173 634 1078 654 959 640 956 640 953 640 949 640 925 661 915 668 892 664 831 651 827 651 756 664 725 671 715 664 685 644 681 644 678 644 674 644 671 644 668 644 634 668 624 674 427 674 423 671 396 657 376 661"/></Shape>
	    <String CONTENT="Dont de despit souuent me pais, et disne."
                    HPOS="342"
                    VPOS="617"
                    WIDTH="2117"
                    HEIGHT="213"
                    WC="0.992136020485948"></String>
          </TextLine>

          
          
          <TextLine ID="eSc_line_475bba1f"
                    TAGREFS="LT4359"
                    BASELINE="359 1034 2292 1003" 
                    HPOS="356"
                    VPOS="885"
                    WIDTH="1936"
                    HEIGHT="183">
            <Shape><Polygon POINTS="359 1034 359 1068 2289 1034 2292 1003 2286 905 2113 891 2109 891 1957 908 1943 908 1906 885 1902 885 1899 885 1896 885 1892 885 1889 885 1848 908 1841 912 1794 912 1427 891 1424 891 1288 895 1285 895 1282 895 1282 898 1258 918 1227 898 1224 898 1221 898 1217 898 1092 915 997 898 993 898 990 898 905 922 895 925 881 925 786 905 783 905 780 905 776 905 749 925 742 932 512 932 508 929 488 912 488 908 485 908 481 908 403 908 400 908 396 908 356 925 359 1034"/></Shape>
	    <String CONTENT="Car ie congnois, que le fons, ⁊ racine"
                    HPOS="356"
                    VPOS="885"
                    WIDTH="1936"
                    HEIGHT="183"
                    WC="0.995675143442656"></String>
          </TextLine>

          
          
          <TextLine ID="eSc_line_76f618f0"
                    TAGREFS="LT4359"
                    BASELINE="352 1166 2245 1129" 
                    HPOS="349"
                    VPOS="1020"
                    WIDTH="1896"
                    HEIGHT="190">
            <Shape><Polygon POINTS="352 1166 352 1210 522 1190 644 1207 647 1207 651 1207 654 1207 759 1186 807 1203 817 1207 820 1207 824 1207 827 1207 834 1203 871 1183 973 1200 1004 1203 1007 1203 1037 1197 1115 1180 1136 1197 1139 1197 1143 1197 1146 1197 1149 1197 1156 1197 1214 1180 1309 1190 1360 1197 1363 1197 1366 1197 1370 1197 1380 1190 1407 1173 1499 1186 1550 1193 1553 1193 1556 1193 1577 1183 1604 1169 1621 1183 1628 1190 1631 1190 1634 1190 1638 1190 1695 1183 1797 1166 1899 1176 1970 1183 1974 1183 2245 1166 2245 1129 2238 1037 2113 1020 2109 1020 2106 1020 2069 1037 2058 1044 1757 1044 1746 1041 1729 1027 1726 1027 1723 1027 1719 1027 1597 1041 1512 1051 1451 1044 1383 1034 1380 1034 1302 1044 1204 1058 1183 1044 1180 1041 1176 1041 1173 1041 1170 1041 1095 1047 949 1058 888 1047 861 1044 858 1044 786 1047 512 1071 349 1054 352 1166"/></Shape>
	    <String CONTENT="De tes escriptz ont prins leur origine"
                    HPOS="349"
                    VPOS="1020"
                    WIDTH="1896"
                    HEIGHT="190"
                    WC="0.992572953826503"></String>
          </TextLine>

          
          
          <TextLine ID="eSc_line_67fd7390"
                    TAGREFS="LT4359"
                    BASELINE="359 1308 603 1288 1258 1271 2448 1264" 
                    HPOS="356"
                    VPOS="1149"
                    WIDTH="2092"
                    HEIGHT="200">
            <Shape><Polygon POINTS="359 1308 359 1349 518 1349 522 1349 525 1349 525 1346 546 1329 613 1349 617 1349 620 1349 624 1349 641 1349 868 1325 1034 1342 1061 1342 1065 1342 1068 1342 1078 1339 1166 1319 1397 1332 1400 1332 1546 1315 1617 1329 1638 1332 1641 1332 1668 1329 1760 1312 1794 1325 1807 1332 1811 1332 1814 1332 1818 1332 1821 1332 1828 1325 1845 1312 1889 1325 1909 1329 1913 1329 1916 1329 1946 1322 2011 1308 2038 1322 2052 1329 2055 1329 2058 1329 2062 1329 2089 1322 2126 1308 2167 1319 2194 1325 2197 1325 2201 1325 2204 1325 2221 1319 2238 1308 2255 1319 2265 1325 2269 1325 2272 1325 2275 1325 2445 1312 2448 1264 2445 1173 2364 1149 2360 1149 2357 1149 2353 1149 2350 1149 2316 1169 2150 1156 2147 1156 2143 1156 2140 1156 2109 1176 2024 1176 1994 1152 1991 1152 1987 1152 1984 1152 1980 1152 1977 1152 1943 1176 1478 1159 1475 1159 1472 1159 1397 1180 1309 1163 1305 1163 983 1186 898 1166 895 1166 892 1166 888 1166 885 1166 851 1190 688 1169 685 1169 580 1193 451 1173 447 1173 444 1173 356 1197 359 1308"/></Shape>
	    <String CONTENT="Si tresprofond, que ie ny puis rien ueoir,"
                    HPOS="356"
                    VPOS="1149"
                    WIDTH="2092"
                    HEIGHT="200"
                    WC="0.994430055220922"></String>
          </TextLine>

          
          
          <TextLine ID="eSc_line_c2428cf4"
                    TAGREFS="LT4359"
                    BASELINE="1136 1403 2024 1397" 
                    HPOS="1132"
                    VPOS="1288"
                    WIDTH="892"
                    HEIGHT="170">
            <Shape><Polygon POINTS="1136 1403 1136 1448 1709 1458 1712 1458 1716 1458 1777 1441 1926 1458 1929 1458 2024 1434 2024 1397 2018 1312 1862 1312 1841 1292 1838 1292 1835 1292 1831 1292 1828 1292 1784 1308 1729 1288 1726 1288 1723 1288 1719 1288 1638 1308 1614 1288 1611 1288 1607 1288 1604 1288 1600 1288 1597 1288 1570 1305 1455 1292 1451 1292 1448 1292 1444 1292 1421 1315 1244 1315 1166 1292 1163 1292 1160 1292 1156 1292 1153 1292 1153 1295 1132 1312 1136 1403"/></Shape>
	    <String CONTENT="Pour bien louer."
                    HPOS="1132"
                    VPOS="1288"
                    WIDTH="892"
                    HEIGHT="170"
                    WC="0.983184110373259"></String>
          </TextLine>

          
          
          <TextLine ID="eSc_line_cda71b62"
                    TAGREFS="LT4359"
                    BASELINE="356 1681 1421 1658 2581 1651" 
                    HPOS="352"
                    VPOS="1519"
                    WIDTH="2229"
                    HEIGHT="200">
            <Shape><Polygon POINTS="2557 1542 2506 1519 2503 1519 2499 1519 2496 1519 2493 1519 2469 1542 2316 1553 2299 1553 2286 1553 2048 1526 2045 1526 2041 1526 1987 1553 1980 1556 1970 1553 1879 1526 1875 1526 1872 1526 1868 1526 1814 1553 1804 1559 1773 1553 1709 1542 1706 1542 1634 1556 1587 1563 1577 1556 1546 1532 1543 1532 1539 1532 1536 1532 1333 1536 1329 1536 1326 1536 1299 1556 1282 1566 1251 1556 1200 1539 1197 1539 1193 1539 1190 1539 1187 1539 1187 1542 1170 1556 1156 1570 1051 1570 997 1556 980 1553 976 1553 973 1553 942 1556 864 1570 837 1556 817 1546 814 1546 810 1546 729 1556 593 1576 518 1576 491 1556 478 1546 474 1546 471 1546 468 1546 464 1546 434 1556 410 1566 352 1559 356 1681 356 1719 2577 1688 2581 1651 2577 1593 2557 1542"/></Shape>
	    <String CONTENT="Donc Orateurs chascun de uo us consigne"
                    HPOS="352"
                    VPOS="1519"
                    WIDTH="2229"
                    HEIGHT="200"
                    WC="0.99565858565844"></String>
          </TextLine>

          
          
          <TextLine ID="eSc_line_59277461"
                    TAGREFS="LT4359"
                    BASELINE="359 1814 2119 1783" 
                    HPOS="356"
                    VPOS="1668"
                    WIDTH="1763"
                    HEIGHT="186">
            <Shape><Polygon POINTS="359 1814 359 1854 549 1854 552 1854 556 1854 556 1851 559 1851 569 1837 966 1844 1122 1844 1126 1844 1129 1844 1132 1844 1132 1841 1136 1837 1149 1827 1251 1834 1329 1841 1333 1841 1336 1841 1363 1831 1394 1824 1451 1831 1519 1837 1522 1837 1526 1837 1546 1827 1560 1821 1621 1824 1723 1834 1726 1834 1729 1834 1763 1821 1777 1817 1804 1821 1875 1831 1879 1831 2116 1810 2119 1783 2113 1688 1919 1668 1916 1668 1682 1688 1641 1692 1631 1688 1587 1675 1584 1675 1580 1675 1577 1675 1522 1692 1499 1695 1458 1692 1360 1678 1356 1678 1231 1692 1132 1702 356 1698 359 1814"/></Shape>
	    <String CONTENT="Termes dorez puisez en la Piscine"
                    HPOS="356"
                    VPOS="1668"
                    WIDTH="1763"
                    HEIGHT="186"
                    WC="0.999919909419435"></String>
          </TextLine>

          
          
          <TextLine ID="eSc_line_4c86d7ee"
                    TAGREFS="LT4359"
                    BASELINE="366 1936 2014 1905" 
                    HPOS="362"
                    VPOS="1800"
                    WIDTH="1652"
                    HEIGHT="180">
            <Shape><Polygon POINTS="366 1936 366 1973 722 1980 725 1980 871 1963 925 1956 963 1960 1092 1973 1095 1973 1648 1943 1662 1943 1665 1943 1974 1956 1977 1956 1980 1956 1984 1956 2014 1936 2014 1905 2004 1800 1824 1824 1750 1804 1743 1804 1740 1804 1736 1804 1716 1807 1597 1827 1539 1810 1529 1807 1526 1807 1522 1807 1519 1807 1509 1810 1455 1834 1383 1834 1363 1814 1360 1810 1356 1810 1353 1810 1349 1810 1346 1810 1329 1814 1271 1834 1183 1821 1146 1814 1143 1814 1139 1814 1122 1821 1075 1841 814 1841 766 1831 732 1821 729 1821 725 1821 722 1821 698 1831 681 1841 661 1831 644 1824 641 1824 637 1824 586 1834 522 1848 485 1837 454 1827 451 1827 447 1827 362 1837 366 1936"/></Shape>
	    <String CONTENT="Palladiane: et faictes le debuoir"
                    HPOS="362"
                    VPOS="1800"
                    WIDTH="1652"
                    HEIGHT="180"
                    WC="0.999621597203341"></String>
          </TextLine>

          
          
          <TextLine ID="eSc_line_5cdd4658"
                    TAGREFS="LT4359"
                    BASELINE="356 2071 1329 2048 2218 2048" 
                    HPOS="352"
                    VPOS="1929"
                    WIDTH="1866"
                    HEIGHT="190">
            <Shape><Polygon POINTS="356 2071 356 2119 668 2095 949 2109 953 2109 1119 2085 1271 2105 1275 2105 1278 2105 1373 2082 1587 2102 1597 2102 1600 2102 1604 2102 1651 2078 2214 2092 2218 2048 2214 1949 1974 1929 1970 1929 1967 1929 1885 1949 1868 1953 1831 1949 1638 1932 1634 1932 1539 1953 1519 1956 1499 1953 1431 1936 1427 1936 1424 1936 1343 1953 1316 1963 1183 1963 1176 1956 1163 1943 1160 1943 1156 1943 1153 1943 1149 1943 1146 1943 1132 1956 1126 1963 970 1963 932 1956 854 1943 851 1943 847 1943 807 1960 783 1966 756 1960 715 1946 712 1946 624 1946 620 1946 617 1946 613 1946 613 1949 600 1960 590 1970 529 1960 457 1949 454 1949 352 1960 356 2071"/></Shape>
	    <String CONTENT="Du filz Marot en telle estime auoir,"
                    HPOS="352"
                    VPOS="1929"
                    WIDTH="1866"
                    HEIGHT="190"
                    WC="0.997355439596706"></String>
          </TextLine>

          
          
          <TextLine ID="eSc_line_940b0b60"
                    TAGREFS="LT4359"
                    BASELINE="352 2207 1268 2180 2157 2180" 
                    HPOS="349"
                    VPOS="2058"
                    WIDTH="1808"
                    HEIGHT="203">
            <Shape><Polygon POINTS="352 2207 352 2244 362 2255 362 2258 366 2258 369 2258 373 2261 451 2261 451 2258 454 2258 495 2234 508 2231 658 2231 661 2234 688 2255 691 2255 695 2255 698 2255 936 2234 953 2234 956 2234 1007 2251 1010 2251 1014 2251 1146 2234 1268 2217 1285 2234 1292 2238 1292 2241 1295 2241 1299 2241 1421 2244 1424 2244 1427 2244 1431 2244 1448 2234 1482 2214 1597 2214 1634 2234 1638 2234 1641 2234 1645 2234 1648 2234 1651 2234 1692 2211 1811 2211 1838 2234 1841 2234 1841 2238 1845 2238 1848 2238 1851 2238 2157 2231 2157 2180 2150 2085 2018 2085 2014 2085 1899 2058 1896 2058 1892 2058 1838 2082 1757 2061 1753 2061 1750 2061 1604 2082 1455 2065 1451 2065 1244 2099 1231 2099 1227 2099 1176 2071 1173 2071 1170 2071 1166 2071 1105 2099 1071 2085 1068 2085 1065 2085 1061 2085 1010 2102 1004 2102 997 2102 912 2082 909 2082 742 2105 732 2105 681 2078 678 2078 674 2078 559 2095 417 2082 413 2082 410 2082 349 2105 352 2207"/></Shape>
	    <String CONTENT="Qu&#x27;il na second en Poësie insigne,"
                    HPOS="349"
                    VPOS="2058"
                    WIDTH="1808"
                    HEIGHT="203"
                    WC="0.997847965534996"></String>
          </TextLine>

          
          
          <TextLine ID="eSc_line_5f53e594"
                    TAGREFS="LT4359"
                    BASELINE="1126 2316 2024 2302" 
                    HPOS="1122"
                    VPOS="2190"
                    WIDTH="902"
                    HEIGHT="180">
            <Shape><Polygon POINTS="1126 2316 1126 2353 1224 2370 1227 2370 1316 2353 1343 2346 1353 2353 1366 2366 1370 2366 1373 2366 1377 2366 1380 2366 1411 2350 1424 2346 1550 2346 1556 2350 1570 2363 1573 2363 1577 2363 1580 2363 2021 2343 2024 2302 2018 2221 1858 2200 1855 2200 1753 2214 1716 2190 1712 2190 1709 2190 1706 2190 1702 2190 1621 2217 1495 2194 1492 2194 1380 2221 1343 2227 1316 2221 1255 2197 1251 2197 1248 2197 1122 2217 1126 2316"/></Shape>
	    <String CONTENT="Pour bien louer."
                    HPOS="1122"
                    VPOS="2190"
                    WIDTH="902"
                    HEIGHT="180"
                    WC="0.969344694167376"></String>
          </TextLine>

          
          
          <TextLine ID="eSc_line_3f7d268a"
                    TAGREFS="LT4361"
                    BASELINE="871 2617 2554 2597" 
                    HPOS="868"
                    VPOS="2472"
                    WIDTH="1686"
                    HEIGHT="213">
            <Shape><Polygon POINTS="2496 2478 2462 2478 2448 2475 2381 2485 2343 2472 2326 2472 2309 2472 2279 2492 2262 2502 2157 2502 2143 2492 2123 2475 2119 2475 2116 2475 2113 2475 2109 2475 2106 2475 2082 2492 2065 2502 1926 2502 1902 2492 1872 2475 1868 2475 1709 2475 1706 2475 1702 2475 1662 2492 1628 2506 1607 2492 1594 2478 1590 2478 1587 2478 1512 2478 1509 2478 1451 2492 1366 2512 1190 2512 1153 2492 1139 2485 1136 2485 1132 2485 1105 2492 1037 2506 875 2492 868 2499 871 2617 871 2658 915 2682 919 2682 922 2685 1115 2685 1115 2682 1119 2682 1122 2682 1163 2655 1170 2651 1234 2655 1465 2668 1468 2668 1628 2655 1736 2645 1763 2655 1814 2672 1818 2672 1821 2672 1933 2655 1991 2645 2041 2655 2119 2668 2123 2672 2242 2672 2242 2668 2245 2668 2248 2668 2272 2655 2292 2641 2316 2655 2343 2665 2347 2665 2350 2665 2554 2651 2554 2597 2550 2509 2530 2485"/></Shape>
	    <String CONTENT="Responce dudict Marot, au dict"
                    HPOS="868"
                    VPOS="2472"
                    WIDTH="1686"
                    HEIGHT="213"
                    WC="0.995587817827861"></String>
          </TextLine>

          
          
          <TextLine ID="eSc_line_bfd5068b"
                    TAGREFS="LT4361"
                    BASELINE="1465 2736 1977 2743" 
                    HPOS="1461"
                    VPOS="2624"
                    WIDTH="516"
                    HEIGHT="180">
            <Shape><Polygon POINTS="1461 2801 1590 2804 1594 2804 1597 2804 1600 2804 1600 2801 1607 2794 1628 2780 1689 2790 1763 2804 1767 2804 1770 2804 1804 2787 1814 2780 1974 2777 1977 2743 1974 2658 1868 2638 1865 2638 1862 2638 1824 2655 1804 2634 1804 2631 1801 2631 1797 2631 1794 2631 1729 2645 1702 2624 1699 2624 1695 2624 1692 2624 1465 2648 1465 2736"/></Shape>
	    <String CONTENT="Clauier."
                    HPOS="1461"
                    VPOS="2624"
                    WIDTH="516"
                    HEIGHT="180"
                    WC="0.998920239508152"></String>
          </TextLine>

          
          
          <TextLine ID="eSc_line_eed6b924"
                    TAGREFS="LT4359"
                    BASELINE="664 3082 2320 3062" 
                    HPOS="656"
                    VPOS="2919"
                    WIDTH="1660"
                    HEIGHT="214">
            <Shape><Polygon POINTS="661 3077 661 3133 2311 3102 2316 3057 2301 2919 2133 2955 2082 2919 2077 2919 2072 2919 1909 2919 1904 2919 1899 2919 1894 2919 1894 2924 1858 2960 1609 2924 1598 2924 1593 2924 1588 2924 1466 2965 1308 2940 1303 2940 799 2970 656 2935 661 3077"/></Shape>
	    <String CONTENT="Our bien louer, ⁊ pour estre loué"
                    HPOS="656"
                    VPOS="2919"
                    WIDTH="1660"
                    HEIGHT="214"
                    WC="0.967445888302543"></String>
          </TextLine>

          
          
          <TextLine ID="eSc_line_07d283d2"
                    TAGREFS="LT4359"
                    BASELINE="640 3230 2364 3194" 
                    HPOS="631"
                    VPOS="3077"
                    WIDTH="1731"
                    HEIGHT="203">
            <Shape><Polygon POINTS="636 3224 636 3280 804 3245 2362 3240 2362 3189 2347 3077 631 3107 636 3224"/></Shape>
	    <String CONTENT="De tous espritz tu dis estre alloué,"
                    HPOS="631"
                    VPOS="3077"
                    WIDTH="1731"
                    HEIGHT="203"
                    WC="0.994627045260535"></String>
          </TextLine>

          
          
          <TextLine ID="eSc_line_90dc0b2a"
                    TAGREFS="LT4359"
                    BASELINE="654 3350 2849 3313" 
                    HPOS="646"
                    VPOS="3204"
                    WIDTH="2200"
                    HEIGHT="188">
            <Shape><Polygon POINTS="651 3347 651 3392 2846 3362 2846 3311 2831 3204 646 3240 651 3347"/></Shape>
	    <String CONTENT="Fors que du mien, car tu me plus que loues:"
                    HPOS="646"
                    VPOS="3204"
                    WIDTH="2200"
                    HEIGHT="188"
                    WC="0.995442709257436"></String>
          </TextLine>

          
          
          <TextLine ID="eSc_line_454ab962"
                    TAGREFS="LT4359"
                    BASELINE="359 3465 2638 3448" 
                    HPOS="356"
                    VPOS="3347"
                    WIDTH="2282"
                    HEIGHT="166">
            <Shape><Polygon POINTS="359 3465 359 3513 1126 3496 1241 3509 1255 3509 1258 3509 1271 3509 1387 3492 1634 3506 1645 3506 1648 3506 1651 3506 1733 3489 2048 3503 2052 3503 2184 3486 2632 3499 2638 3448 2632 3370 2394 3370 2391 3367 2357 3347 2353 3347 2350 3347 2347 3347 2201 3367 2174 3374 1933 3374 1926 3367 1906 3350 1902 3350 1899 3350 1726 3350 1723 3350 1719 3350 1668 3367 1648 3374 1611 3367 1539 3353 1536 3353 1461 3367 1434 3370 1404 3367 1312 3353 1309 3353 1305 3353 1282 3367 1261 3377 1234 3367 1207 3357 1204 3357 1200 3357 1156 3367 1105 3380 936 3380 922 3367 912 3357 909 3357 905 3357 902 3357 851 3367 773 3380 356 3367 359 3465"/></Shape>
	    <String CONTENT="Mais en louant plus haultz termes alloues,"
                    HPOS="356"
                    VPOS="3347"
                    WIDTH="2282"
                    HEIGHT="166"
                    WC="0.99593794913519"></String>
          </TextLine>

          
          
          <TextLine ID="eSc_line_df72bf65"
                    TAGREFS="LT4359"
                    BASELINE="359 3618 976 3597 2662 3577" 
                    HPOS="356"
                    VPOS="3462"
                    WIDTH="2306"
                    HEIGHT="217">
            <Shape><Polygon POINTS="356 3553 359 3618 359 3679 529 3679 529 3675 532 3675 535 3675 613 3645 688 3665 691 3665 695 3665 698 3665 769 3645 810 3665 814 3665 817 3665 820 3665 824 3665 824 3662 827 3662 837 3648 997 3662 1000 3662 1004 3662 1065 3642 1098 3665 1102 3665 1105 3665 1109 3669 1183 3669 1183 3665 1187 3665 1190 3665 1214 3645 1261 3659 1265 3659 1268 3659 1360 3642 1397 3662 1400 3662 1404 3662 1407 3662 1411 3662 1414 3662 1526 3631 1614 3631 1645 3659 1648 3659 1651 3659 1655 3659 1668 3659 1760 3642 1902 3655 1929 3655 1933 3655 1936 3655 1943 3655 2018 3625 2069 3652 2072 3652 2075 3652 2086 3652 2238 3621 2350 3648 2360 3648 2364 3648 2374 3648 2499 3618 2655 3642 2662 3577 2655 3489 2571 3489 2543 3465 2543 3462 2540 3462 2537 3462 2533 3462 2530 3462 2452 3486 2421 3465 2418 3465 2415 3465 2411 3465 2309 3486 2282 3469 2279 3469 2275 3469 2272 3469 2269 3469 2214 3492 2214 3496 2184 3496 1902 3496 1841 3472 1838 3472 1835 3472 1831 3472 1753 3499 1702 3475 1699 3475 1695 3475 1617 3492 1536 3475 1533 3475 1336 3503 1146 3482 1143 3482 949 3509 915 3486 912 3486 909 3486 905 3486 902 3486 898 3486 871 3503 837 3486 834 3486 831 3486 729 3509 685 3489 681 3489 678 3489 674 3489 583 3516 427 3492 423 3492 420 3492 369 3513 356 3553"/></Shape>
	    <String CONTENT="Que la sainct Iehan, ou Pasques, ou Noue."
                    HPOS="356"
                    VPOS="3462"
                    WIDTH="2306"
                    HEIGHT="217"
                    WC="0.976128662504801"></String>
          </TextLine>

          
          
          <TextLine ID="eSc_line_1ba7a23d"
                    TAGREFS="LT4359"
                    BASELINE="362 3876 1567 3845 2503 3838" 
                    HPOS="359"
                    VPOS="3709"
                    WIDTH="2144"
                    HEIGHT="214">
            <Shape><Polygon POINTS="362 3876 366 3923 427 3903 674 3916 695 3916 698 3916 702 3916 705 3916 736 3896 881 3913 905 3913 909 3913 949 3909 1166 3889 1248 3903 1271 3906 1275 3906 1278 3906 1282 3906 1285 3903 1312 3886 1417 3899 1455 3903 1458 3903 1461 3903 1472 3899 1506 3882 1573 3896 1600 3899 1604 3899 1607 3899 1617 3896 1655 3879 1767 3892 1821 3896 1824 3896 1889 3889 2011 3872 2062 3886 2082 3889 2086 3889 2089 3889 2503 3872 2503 3838 2496 3730 2330 3709 2326 3709 2323 3709 2286 3730 2279 3733 2272 3730 2235 3720 2231 3720 2228 3720 2147 3733 2123 3737 2119 3733 2099 3716 2099 3713 2096 3713 2092 3713 2035 3713 2031 3713 2028 3713 1977 3733 1963 3743 1801 3743 1787 3737 1760 3720 1757 3720 1753 3720 1672 3720 1668 3720 1665 3720 1662 3720 1638 3740 1628 3747 1577 3740 1455 3723 1451 3723 1333 3743 1268 3753 1214 3743 1132 3730 1129 3730 1126 3730 1122 3730 1098 3747 1082 3757 1068 3747 1048 3733 1044 3733 1041 3733 1037 3733 966 3747 898 3764 664 3764 630 3750 600 3740 596 3740 593 3740 359 3753 362 3876"/></Shape>
	    <String CONTENT="Qui noue mieulx, responds, ou C, ou E?"
                    HPOS="359"
                    VPOS="3709"
                    WIDTH="2144"
                    HEIGHT="214"
                    WC="0.989485310880761"></String>
          </TextLine>

          
          
          <TextLine ID="eSc_line_995608b5"
                    TAGREFS="LT4359"
                    BASELINE="373 4004 2069 3970" 
                    HPOS="369"
                    VPOS="3859"
                    WIDTH="1700"
                    HEIGHT="193">
            <Shape><Polygon POINTS="373 4004 376 4052 451 4035 522 4052 535 4052 539 4052 542 4052 549 4048 596 4032 678 4048 691 4048 695 4048 698 4048 705 4045 759 4028 780 4045 783 4045 786 4045 790 4045 1048 4042 1051 4042 1058 4038 1112 4021 1197 4038 1214 4038 1217 4038 1221 4038 1231 4035 1302 4018 1360 4035 1366 4035 1370 4035 1373 4035 1377 4035 1380 4035 1380 4032 1407 4011 1577 4011 1675 4028 1689 4028 1692 4028 1716 4028 1899 4004 2065 4018 2069 3970 2065 3886 2001 3859 1997 3859 1994 3859 1991 3859 1889 3886 1862 3865 1858 3865 1855 3865 1851 3865 1848 3865 1773 3886 1736 3862 1733 3862 1729 3862 1726 3862 1553 3865 1380 3899 1017 3903 956 3882 953 3882 949 3882 946 3882 864 3906 746 3882 742 3882 739 3882 664 3909 546 3886 542 3886 539 3886 481 3909 403 3889 400 3889 396 3889 393 3889 390 3889 390 3892 369 3909 373 4004"/></Shape>
	    <String CONTENT="Iay iusque icy en eaue basse noué,"
                    HPOS="369"
                    VPOS="3859"
                    WIDTH="1700"
                    HEIGHT="193"
                    WC="0.970457532826592"></String>
          </TextLine>

          
          
          <TextLine ID="eSc_line_2425323f"
                    TAGREFS="LT4359"
                    BASELINE="373 4133 1750 4099 2448 4103" 
                    HPOS="369"
                    VPOS="3984"
                    WIDTH="2079"
                    HEIGHT="204">
            <Shape><Polygon POINTS="373 4133 373 4188 627 4188 627 4184 630 4184 647 4181 739 4157 837 4177 871 4181 875 4181 878 4181 881 4181 888 4174 919 4154 1044 4171 1092 4177 1095 4177 1098 4177 1115 4171 1160 4150 1407 4160 1411 4160 1563 4143 1614 4160 1631 4164 1634 4164 1638 4164 1665 4157 1740 4140 1794 4157 1821 4164 1824 4164 1828 4164 1831 4164 1862 4154 1899 4143 1943 4154 1970 4157 1974 4157 1977 4157 1987 4150 2021 4133 2106 4150 2153 4157 2157 4157 2445 4140 2448 4103 2445 4004 2289 3984 2286 3984 2184 4008 2177 4008 2147 4008 1492 3998 1489 3998 1322 4018 1288 4001 1285 4001 1282 4001 1278 4001 1221 4025 1160 4004 1156 4004 1153 4004 1149 4004 1095 4028 936 4008 932 4008 929 4008 847 4032 776 4015 773 4015 769 4015 766 4015 725 4035 430 4018 427 4018 423 4018 369 4038 373 4133"/></Shape>
	    <String CONTENT="Mais dedans leaue Cabaline tu noues,"
                    HPOS="369"
                    VPOS="3984"
                    WIDTH="2079"
                    HEIGHT="204"
                    WC="0.989227318101459"></String>
          </TextLine>

          
          
          <TextLine ID="eSc_line_268f9993"
                    TAGREFS="LT4359"
                    BASELINE="1122 4242 2024 4235" 
                    HPOS="1119"
                    VPOS="4120"
                    WIDTH="905"
                    HEIGHT="179">
            <Shape><Polygon POINTS="1122 4242 1122 4272 1143 4293 1143 4296 1146 4296 1149 4296 1153 4299 1275 4299 1275 4296 1278 4296 1326 4272 1614 4293 1617 4293 1746 4272 1794 4293 1797 4293 1801 4293 2024 4262 2024 4235 2018 4147 1889 4123 1885 4123 1787 4143 1784 4143 1780 4143 1729 4120 1726 4120 1723 4120 1617 4140 1587 4120 1584 4120 1580 4120 1577 4120 1404 4140 1346 4147 1292 4140 1197 4126 1193 4126 1119 4137 1122 4242"/></Shape>
	    <String CONTENT="Pour bien louer."
                    HPOS="1119"
                    VPOS="4120"
                    WIDTH="905"
                    HEIGHT="179"
                    WC="0.998056523501873"></String>
          </TextLine>

          
          
          <TextLine ID="eSc_line_1c483e9a"
                    TAGREFS="LT4359"
                    BASELINE="366 4523 2292 4483" 
                    HPOS="362"
                    VPOS="4354"
                    WIDTH="1930"
                    HEIGHT="203">
            <Shape><Polygon POINTS="2265 4354 1933 4384 1862 4371 1858 4371 1729 4388 1685 4367 1672 4360 1668 4360 1665 4360 1662 4360 1641 4367 1577 4391 1475 4371 1444 4367 1441 4367 1438 4367 1434 4367 1427 4374 1400 4394 1207 4384 1204 4384 1068 4401 1020 4384 1004 4377 1000 4377 997 4377 993 4377 990 4377 983 4384 956 4401 888 4388 841 4377 837 4377 834 4377 807 4388 766 4408 732 4391 719 4384 715 4384 712 4384 708 4384 695 4391 658 4411 583 4394 539 4384 535 4384 362 4398 366 4523 366 4557 2289 4516 2292 4483 2279 4367 2265 4354"/></Shape>
	    <String CONTENT="C. c&#x27;est Clement contre chagrin cloué."
                    HPOS="362"
                    VPOS="4354"
                    WIDTH="1930"
                    HEIGHT="203"
                    WC="0.98369368995939"></String>
          </TextLine>

          
          
          <TextLine ID="eSc_line_c3cefaaf"
                    TAGREFS="LT4359"
                    BASELINE="366 4649 1974 4618" 
                    HPOS="362"
                    VPOS="4506"
                    WIDTH="1612"
                    HEIGHT="194">
            <Shape><Polygon POINTS="366 4649 366 4700 512 4700 512 4696 515 4696 518 4696 522 4693 546 4676 600 4689 610 4693 613 4693 617 4693 620 4693 634 4689 681 4676 861 4683 987 4686 990 4686 993 4686 1014 4676 1037 4669 1119 4672 1251 4683 1255 4683 1258 4683 1316 4669 1343 4662 1366 4666 1431 4679 1434 4679 1556 4659 1573 4659 1587 4659 1719 4672 1723 4672 1726 4672 1729 4672 1729 4669 1746 4655 1746 4652 1974 4645 1974 4618 1970 4533 1906 4506 1902 4506 1899 4506 1896 4506 1790 4533 1784 4537 1577 4537 1570 4533 1546 4513 1543 4513 1539 4513 1468 4513 1465 4513 1461 4513 1400 4533 1383 4540 1363 4533 1292 4516 1288 4516 1285 4516 1282 4516 1221 4537 1190 4544 1160 4537 1112 4523 1109 4523 1105 4523 1102 4523 1098 4523 1082 4537 1065 4550 963 4550 946 4537 929 4523 925 4523 922 4523 919 4523 915 4523 912 4523 892 4537 885 4540 837 4537 719 4527 715 4527 712 4527 708 4527 695 4537 685 4547 658 4537 634 4530 630 4530 627 4530 624 4530 596 4537 532 4557 491 4537 481 4533 478 4533 474 4533 362 4537 366 4649"/></Shape>
	    <String CONTENT="E, est Estienne, esueillé, enioué:"
                    HPOS="362"
                    VPOS="4506"
                    WIDTH="1612"
                    HEIGHT="194"
                    WC="0.987697555738337"></String>
          </TextLine>

          
          
          <TextLine ID="eSc_line_d83ca715"
                    TAGREFS="LT4359"
                    BASELINE="369 4781 2594 4733" 
                    HPOS="366"
                    VPOS="4618"
                    WIDTH="2228"
                    HEIGHT="207">
            <Shape><Polygon POINTS="369 4781 369 4825 2594 4778 2594 4733 2588 4642 2472 4642 2445 4618 2442 4618 2438 4618 2435 4618 2431 4618 2347 4642 2282 4622 2279 4622 2275 4622 2113 4625 1794 4655 1590 4639 1587 4639 1584 4639 1580 4639 1553 4662 1407 4662 1377 4642 1373 4642 1370 4642 1366 4642 1166 4666 1017 4649 1014 4649 837 4676 583 4659 580 4659 576 4659 518 4683 447 4662 444 4662 440 4662 437 4662 366 4686 369 4781"/></Shape>
	    <String CONTENT="Cest toy, qui maintz de loz tresample doues,"
                    HPOS="366"
                    VPOS="4618"
                    WIDTH="2228"
                    HEIGHT="207"
                    WC="0.993815612792969"></String>
          </TextLine>

          
          
          <TextLine ID="eSc_line_8569816b"
                    TAGREFS="LT4359"
                    BASELINE="366 4903 2679 4866" 
                    HPOS="362"
                    VPOS="4761"
                    WIDTH="2317"
                    HEIGHT="183">
            <Shape><Polygon POINTS="366 4903 366 4944 1187 4940 1190 4940 1193 4940 1193 4937 1210 4923 1288 4937 1319 4940 1322 4940 1349 4937 1421 4920 1506 4934 1533 4937 1536 4937 1539 4937 1556 4934 1628 4917 2072 4927 2164 4927 2167 4927 2170 4927 2174 4923 2204 4910 2242 4923 2252 4927 2255 4927 2259 4927 2262 4927 2265 4927 2269 4923 2296 4906 2384 4923 2398 4923 2401 4923 2421 4920 2543 4903 2676 4917 2679 4866 2672 4778 2353 4761 2350 4761 2157 4764 2153 4764 2150 4764 2123 4781 2119 4784 2106 4781 2038 4771 2035 4771 1909 4784 1875 4788 1868 4784 1831 4767 1828 4767 1824 4767 1821 4767 1746 4788 1726 4791 1702 4788 1617 4771 1614 4771 1611 4771 1607 4771 1580 4788 1573 4788 1394 4778 1390 4778 1387 4778 1353 4791 1336 4801 1102 4801 1082 4795 1051 4784 1048 4784 1044 4784 976 4795 925 4805 902 4798 871 4784 868 4784 864 4784 861 4784 810 4798 769 4808 698 4798 630 4791 627 4791 362 4801 366 4903"/></Shape>
	    <String CONTENT="Mais endroit moy tu fais Cignes les Oues,"
                    HPOS="362"
                    VPOS="4761"
                    WIDTH="2317"
                    HEIGHT="183"
                    WC="0.999613747364137"></String>
          </TextLine>

          
          
          <TextLine ID="eSc_line_544b0e6c"
                    TAGREFS="LT4359"
                    BASELINE="373 5042 1149 5015 2106 5005" 
                    HPOS="369"
                    VPOS="4900"
                    WIDTH="1737"
                    HEIGHT="210">
            <Shape><Polygon POINTS="373 5042 373 5083 474 5110 478 5110 481 5110 485 5110 529 5083 535 5079 549 5083 634 5107 637 5107 641 5107 864 5103 868 5103 871 5103 895 5079 909 5073 946 5079 1034 5100 1037 5100 1041 5100 1044 5100 1075 5079 1115 5056 1251 5056 1302 5076 1305 5076 1309 5076 1312 5076 1404 5052 1472 5076 1475 5076 1478 5076 1482 5076 1543 5049 1645 5062 1648 5062 1787 5045 1851 5066 1855 5066 1858 5066 1862 5066 1865 5066 1865 5062 1868 5062 1885 5042 1946 5062 1950 5062 1953 5062 1957 5062 1960 5062 1980 5049 2018 5076 2024 5079 2028 5079 2031 5079 2035 5079 2102 5073 2106 5005 2096 4900 1906 4917 1868 4903 1851 4900 1848 4900 1845 4900 1841 4900 1838 4900 1831 4906 1807 4920 1702 4910 1638 4903 1634 4903 1631 4903 1628 4903 1628 4906 1621 4913 1607 4927 1526 4930 1400 4930 1390 4917 1380 4910 1380 4906 1377 4906 1373 4906 1370 4906 1366 4906 1333 4920 1302 4930 1271 4920 1227 4910 1224 4910 1221 4910 1217 4910 1214 4910 1214 4913 1210 4913 1204 4923 1193 4934 1153 4923 1088 4913 1085 4913 1082 4913 1044 4927 1020 4937 987 4930 939 4920 936 4920 932 4920 888 4934 854 4944 759 4944 753 4937 732 4920 729 4920 725 4920 722 4920 624 4940 600 4944 596 4940 576 4927 573 4927 569 4927 566 4927 563 4927 559 4927 535 4944 529 4947 502 4944 403 4927 400 4927 396 4927 393 4927 369 4940 373 5042"/></Shape>
	    <String CONTENT="Quoy que de lor doiues estre doue,"
                    HPOS="369"
                    VPOS="4900"
                    WIDTH="1737"
                    HEIGHT="210"
                    WC="0.991558762157665"></String>
          </TextLine>

          
          
          <TextLine ID="eSc_line_f9b4aabc"
                    TAGREFS="LT4359"
                    BASELINE="1143 5144 2014 5137" 
                    HPOS="1139"
                    VPOS="5025"
                    WIDTH="875"
                    HEIGHT="197">
            <Shape><Polygon POINTS="1143 5144 1143 5222 1326 5222 1326 5218 1329 5218 1383 5191 1590 5191 1662 5215 1665 5215 1668 5215 1672 5215 1675 5215 1716 5188 1777 5188 1804 5212 1804 5215 1807 5215 1811 5215 1814 5218 2011 5218 2014 5137 2008 5052 1855 5052 1851 5049 1804 5025 1801 5025 1797 5025 1539 5045 1478 5049 1451 5045 1390 5032 1387 5032 1333 5042 1285 5052 1255 5042 1217 5029 1214 5029 1210 5029 1139 5039 1143 5144"/></Shape>
	    <String CONTENT="Pour bien louer."
                    HPOS="1139"
                    VPOS="5025"
                    WIDTH="875"
                    HEIGHT="197"
                    WC="0.999155022203922"></String>
          </TextLine>

          
        </TextBlock>
        
        <TextBlock HPOS="2426"
                   VPOS="5161"
                   WIDTH="151"
                   HEIGHT="150"
                   ID="eSc_textblock_236dec53"
                   TAGREFS="BT11075">
          <Shape><Polygon POINTS="2426 5161 2426 5311 2577 5311 2577 5168 2526 5166"/></Shape>
          
          
          <TextLine ID="eSc_line_bcbded0f"
                    TAGREFS="LT4359"
                    BASELINE="2449 5274 2479 5274 2554 5274" 
                    HPOS="2444"
                    VPOS="5091"
                    WIDTH="107"
                    HEIGHT="260">
            <Shape><Polygon POINTS="2444 5269 2444 5351 2551 5346 2551 5269 2551 5091 2444 5091 2444 5269"/></Shape>
	    <String CONTENT="i"
                    HPOS="2444"
                    VPOS="5091"
                    WIDTH="107"
                    HEIGHT="260"
                    WC="0.999260127544403"></String>
          </TextLine>

          
        </TextBlock>
        

        
      </PrintSpace>
    </Page>
  </Layout>
</alto>
