4267 6017
1949 561 736 201 Fueil .lxxxiii.

936 561 629 161 Chansons.

291 2752 261 401 L

287 715 1883 180 Quand ie la ueulx seruir, ⁊ honnorer,

294 855 2180 171 Quand par escriptz ueulx son nom decorer,

294 982 1709 171 Quand ie la uoy, ⁊ uisite souuent,

294 1119 2003 157 Les Enuieulx n'en font que murmurer,

290 1243 2371 174 Mais nostre Amour n'en scauroit moins durer,

287 1363 1782 181 Aultant ou plus en emporte le uent.

290 1490 830 161 Maulgre enuie

304 1617 756 158 Toute ma uie

300 1758 719 160 Ie l'aymeray,

290 1875 763 157 Et chanteray:

290 1998 870 154 Cest la premiere,

294 2129 853 150 Cest la derniere,

294 2249 1401 194 Que i'ay seruie, ⁊ seruiray.

1033 2500 769 184 Chanson .xiii.

578 2744 1839 180 Anguir me fais sans l'auoir offensée.

588 2884 2267 181 Plus ne m'escriptz, plus de moy ne t'enquiers,

602 3018 2148 176 Mais nonobstant aultre Dame ne quiers:

300 3148 2074 178 Plus tost mourir, que changer ma pensée.

300 3379 1676 181 Ie ne dy pas l'amour estre effacée,

297 3523 2271 167 Mais ie me plainds de l'ennuy que i'acquiers,

297 3650 1997 160 Et loing de toy humblement te requiers

307 3777 2080 180 Que loing de moy, de moy ne soys faschée.

1050 3997 805 191 Chanson .xiiii.

672 4262 1826 167 Ou uient cela, Belle, ie uous supply,

662 4409 1976 140 Que plus a moy ne uous recommandez?

667 4522 1787 181 Tousiours seray de tristesse remply,

310 4656 2000 167 Iusques a tant qu'au uray le me mandez:

307 4790 1836 157 Ie croy que plus d'Amy ne demandez,

314 4910 2210 164 Ou m'auluais bruyt de moy on uous reuelle,

314 5034 2030 184 Ou uostre cueur a faict amour nouuelle.

306 4241 336 422 D

2120 5174 247 177 l .iii.
