4267 5983
1283 598 902 163 Et pour y aspirer

1290 727 1267 167 N'en doy perdre louange,

1290 850 1154 150 Ne d'honneur empirer:

1303 967 1217 183 Suis ie de fer, ou Ange?

1280 1206 1300 170 Qu'est besoing de mentir?

1297 1336 1157 163 I'ose encores uous dire,

1280 1455 1340 170 Que plus fort uous desire,

1290 1602 1410 156 Quand ueulx m'en repentir.

1287 1718 894 133 Et pour aneantir

1290 1828 1174 163 Ce desir, qui tant dure,

1300 1951 1171 172 Il uous fauldroit sentir

1290 2080 1101 173 La peine que i'endure.

1300 2313 1184 173 Uostre doulx entretien,

1303 2446 1071 149 Uostre belle ieunesse,

1300 2579 1067 156 Uostre bonte expresse

1313 2695 1437 163 M'ont faict uostre, ⁊ my tien:

1307 2821 1230 150 Uray est, que ie uoy bien

1303 2951 1244 156 Uostre amour endormie,

1307 3071 1430 163 Mais langueur ce m'est bien

1310 3197 1403 173 Pour uous ma chere Amye.

2018 3430 702 186 Chanson .xl.

1666 3664 1652 190 E scay combien la Hayre est dure,

1656 3809 1318 169 Et n'ay desir de le scauoir:

1656 3928 1847 200 Mais ie scay qu'amour, qui peu dure,

1293 4061 1829 160 Faict ung grand tourment recepuoir.

1300 4191 1586 156 Amour aultre nom d'eust auoir,

1297 4311 1862 166 Nommer le fault Fleur, ou Uerdure,

1297 4430 1613 183 Qui peu de temps se laisse ueoir.

1300 4673 1783 183 Nommez le donc Fleur, ou Uerdure

1303 4816 1557 183 Au cueur de mon legier Amant:

1317 3704 349 384 N
