4267 6188
1300 433 363 387 O

1935 250 1407 179 Clem. Marot, a son Liure.

1666 386 1997 207 Ster ie ueulx (approche toy mon Liure)

1671 536 2281 196 Ung tas d'escriptz, qui par dautres sont faictz.

1683 660 1964 165 Or ua, c'est faict: cours legier, ⁊ deliure:

1423 783 2118 193 Descharge t'ay d'ung lourd, ⁊ pesant faiz.

1330 907 2232 199 S'ilz font escriptz (d'aduenture) imparfaictz

1447 1045 2249 178 Te ueulx tu faire en leurs faultes reprendre?

1433 1172 2197 182 S'ilz les font bien, ou mieulx, que ie ne fais,

1433 1306 2421 179 Pour quoy ueulx tu sur leur gloire entreprendre?

1316 1426 2651 189 Sans eulx (mon Liure) en mes uers pourras prendre

1430 1550 2249 189 Uie apres moy, pour iamais, ou long temps.

1426 1677 2345 175 Mes Oeuures donc content te doiuent rendre:

1426 1794 2225 210 Peuples, ⁊ Roys s'en tiennent bien contentz.

1296 2024 2606 227 Aucunes faultes d'imprimerie en l'adolescence qu'on

1440 2189 2331 179 pourra corriger sur la marge auecq̃s la plume.

1299 2296 2679 220 Au fueillet xxi. seconde page, y a, dangereux plus que

1420 2437 1557 175 traictz, ⁊ y fault, plus que tres.

1299 2564 2679 203 Au f. xxxii. secõde page, y a, Au lac de paour: ⁊ y fault

1416 2684 877 152 Au ual de paour.

1296 2777 2661 255 Au f. xlii. premiere page, y a, en ce hault lieu: ⁊ y fault,

1416 2939 853 161 en ce chault lieu.

1299 3049 2651 230 Au fueillet mesme, seconde page, y a, Sinon de dieu: ⁊

1426 3190 1114 161 y fault, ie suis de dieu.

1292 3310 2672 203 Au f. lix. prem̃ page, y a, Qu'il la cõgnoisse ou la uoye:

1413 3444 2039 193 ⁊ y fault, Qu'il la congnoisse ne la uoye.

1292 3558 2658 233 Au f. xlu. prem̃ page, y a, tu dys estre alloué: ⁊ y fault,

1420 3695 1007 158 tu doys estre alloué.

1282 3812 2668 230 Au penultime Rondeau, y a, ⁊ aultrement fascher: ⁊ y

1406 3967 2558 189 fault, mais autremẽt fascher. Et la mesmes, au der¬

1395 4084 2342 196 nier uers, y a, quelle ne se: ⁊ y fault, quelle ne le.

1279 4207 2692 200 Au derñ. Rondeau, y a, hors du parc: ⁊ y fault, hors du

1395 4338 2552 199 per. Et apres le derñ. uerz fault rentrer, En liberte.

1275 4451 2675 224 En la xxu chanson, y a, A eu ung filz au ciel uoué: ⁊

1406 4585 1647 176 y fault. A ung filz du ciel aduoué.

1272 4699 2661 251 En la xl. chanson, y a, Ne scay combien la haire: ⁊ y

1389 4836 794 210 fault, la hayne.
