4267 6017
1972 501 783 221 Fueil. lxxxuiii.

1094 511 627 195 Chansons.

296 1609 281 411 L

321 698 1822 191 Auec Flascons Silenus le suiuoit,

324 842 2006 187 Lequel beuuoit aussi droict qu'une ligne:

321 972 1889 184 Puis il trepigne, ⁊ se faict une bigne:

321 1096 2059 190 Comme une Guigne estoit rouge son nez.

324 1226 1903 198 Beaucoup de gens de sa race sont nez.

983 1400 923 187 Chanson .xxxiii.

622 1569 1370 206 A plus belle des troys sera

622 1744 1350 161 Celle, qui mourir me fera,

637 1860 1516 175 Ou qui me fera du tout uiure,

327 1988 1579 174 Car de mon mal seray deliure,

337 2122 1518 194 Quand a sa puissance plaira.

324 2360 1364 183 Pallas point ne m'aidera:

327 2503 1365 171 Iuno point ne sen meslera:

321 2620 1889 184 Mais Uenus, que i'ay uoulu suiure,

321 2757 1407 177 Me dira bien, tien ie te liure

324 2888 1434 190 Celle, qui rauy ton cueur a.

828 3113 934 221 Chanson .xxxiiii.

662 3339 1888 221 Uis que de uous ie n'ay aultre uisage.

642 3499 2078 191 Ie m'en uois rendre Hermite en ung desert,

667 3630 2058 190 Pour prier Dieu, si ung aultre uous sert,

351 3763 2414 174 Qu'aultant que moy en uostre honneur soit sage.

468 3897 1859 167 A dieu Amours, a dieu gentil corsage,

347 4024 1953 174 A dieu ce tainct, a dieu ces frians yeux:

361 4151 2120 171 Ie n'ay pas heu de uous grand aduentage:

354 4275 2284 194 Ung moins aymant aura, peult estre, mieulx.

1106 4462 866 181 Chanson .xxxu.

742 4623 1938 225 Ous perdez temps de me dire mal d'elle

722 4798 1958 150 Gens qui uoulez diuertir mon entente:

727 4903 2003 201 Plus la blasmez, plus ie la trouue belle,

391 5034 1869 230 S'esbahist on, si tant ie men contente?

346 3384 296 426 P

358 4679 362 395 U
