4267 6062
1047 370 613 189 Chansons

2067 367 714 202 Fueil .lxxxii.

377 528 2074 216 Des que mon oeil apperceut uostre face,

373 666 1768 182 Ma liberte du tout m'abandonna.

370 791 2118 202 Car mon las cueur esperant uostre grace

373 932 1758 192 De moy partit, et a uous se donna.

498 1060 1202 179 Or s'est il uoulu retirer

481 1185 1546 178 En lieu, dont ne se peult tirer,

481 1320 1415 178 Et uous a trouuée sans sy,

474 1438 1678 208 Fors qu'estes Dame sans mercy.

360 1734 2202 205 Uostre rigeur ueult doncques que ie meure,

353 1882 1930 179 Puis que pitie uostre cueur ne remord,

356 2007 2011 192 Si n'aurez uous (de ce ie uous asseure)

350 2138 1700 182 Loz, ny honneur de si cruelle mort:

471 2266 1808 179 Car on ne doibt mettre en langueur

471 2394 1576 172 Celluy qui ayme de bon cueur:

478 2529 1542 178 Trop est rude a son Ennemy,

468 2653 1293 202 Qui est cruel a son Amy.

1104 2933 687 209 Chanson .x.

490 3212 1451 197 E suis aymé de la plus belle,

485 3339 1896 212 Qui soit uiuant dessoubz les Cieulx,

505 3505 1628 172 Encontre tous faulx Enuieulx

346 3620 1499 195 Ie la soustiendray estre telle.

353 3862 1435 196 Si Cupido doulx, et rebelle

336 4017 1556 162 Auoit desbende ses deux yeux,

350 4138 1778 172 Pour ueoir son maintien gracieux,

350 4260 1721 209 Ie croy qu'amoureux seroit delle,

346 4526 1475 202 Uenus la Déesse immortelle

367 4667 1889 196 Tu as faict mon cueur bien heureux,

353 4805 1617 175 De l'auoir faict estre amoureux

353 4933 1452 216 D'une si noble Damoyselle.

353 3288 137 369 I

2391 5006 172 267 l .ii.
