4267 6038
2559 362 564 191 Fueil .lxix.

1009 379 638 134 Rondeaulx

231 870 327 428 D

459 509 2201 198 De la ueue des Roys de France, ⁊ d' Angle¬

788 660 1563 158 terre, entre Ardres, ⁊ Guynes.

583 880 2259 211 E deux grands Roys la noblesse, ⁊ puissance

598 1051 2119 171 Ueue en ce lieu, nous donne congnoissance

583 1177 1807 211 Que amytie prend courage de Lyon

228 1301 1570 161 Pour ruer ius uieille rebellion,

228 1425 1865 181 Et mettre sus de Paix l'esioyssance.

358 1660 2000 195 Soit en beaulte, scauoir, ⁊ contenance,

228 1814 1972 168 Les anciens n'ont point de souuenance

228 1938 1855 178 D'auoir onc ueu si grand perfection

892 2076 1238 168 De deux grands Roys.

224 2190 1751 184 Et le festin, la pompe, ⁊ l'assistance

231 2327 2056 175 Surpasse en bien le triumphe, ⁊ prestance

228 2455 1781 174 Qui fut iadis sur le mont Pelyon.

231 2582 1687 171 Car de la uint la guerre d'Ylion:

231 2707 1879 194 Mais de cecy uient Paix, ⁊ alliance.

885 2837 1248 182 De deux grands Roys.

597 3065 1882 198 De ceulx, qui alloient sur Mulle au

1070 3206 925 171 Camp d'Attigny.

590 3445 2351 177 Ux champs, aux champs, Braues, qu'on ne

721 3565 671 161 uous trousse.

608 3688 2124 166 Prenez harnoys, larc, la fleche, ⁊ la trousse

231 3830 2368 171 Pour uous deffendre en Haynault, ou Milan,

224 3954 1902 165 Et gardez bien d'y empoigner mal an,

228 4082 2348 184 Car le drap d'or bien peu sert, quand on poulse.

238 4344 2140 171 Raison pourquoy? on se y bat, ⁊ courrousse

241 4468 2060 174 Plus qu'a chasser a quelque beste rousse,

244 4592 1735 178 Ou a uoller la Pye, ou le Millan

888 4726 728 158 Aux champs.

241 4840 2123 191 En cestuy camp, ou la guerre est si doulce,

244 4991 1845 208 Allez sur mule, auecques une Housse,

236 3461 347 378 A
