1080 1660
447 152 453 90 ¶ Aux lecteurs

517 224 322 81 chrestiens.

330 333 630 73 ¶ Mes bons freres qui bien chantez

328 387 455 57 Auec accordz de chanterie

332 426 538 74 Lisez moy: ⁊ faictes chantz telz

343 481 473 62 Ie croy: que icy enchanterie

332 521 529 62 Ny ha: pourtant le chantre rie

335 565 659 74 Grace attendant/ du grand chanteur

330 615 586 66 Rien nest: qui le bon chant ne trie

333 662 497 68 Eslisez donc/ ⁊ chantez heur

335 711 513 65 En bien entendant la teneur

333 756 596 68 Regle ⁊ canon/ des sainctz escriptz

337 802 527 66 Gardez den perdre la saueur:

337 849 474 65 Ne uous fiez en uoz escryz

343 890 586 72 Iesus noyt point uoz uoix ⁊ cryz

339 939 570 68 Le cueur faict tout: rien le blason

339 989 462 62 A uous freres/ cecy iescris

340 1031 584 74 Mettez en uoz cueurs ma raison.

477 1138 414 68 Y ME VINT

468 1192 426 82 MAL/ A GRE

610 1253 148 79 1533
