1080 1660
333 125 680 72 ¶ De cõuoiter/ gardez uoꝰ mes amys

329 183 672 59 Femme daultruy/ fille ne chamberiere

328 236 664 54 Rostre seigneur/ ce mandement a mis

328 279 623 57 Pour nous tenir/ en charite entiere

329 322 684 62 Nul ne uouldroit/ quõ luy fit desplaisir

329 370 681 67 Mais quõ luy fist tout seruice: ⁊ plaisir

326 420 305 54 En tout affaire/

330 464 326 60 Faictz a ton frere/

326 511 349 61 Ce que a toy faire/

326 556 520 63 Tu uouldroys/ par dilection

328 603 358 56 Sans luy meffaire/

329 651 314 58 Ne luy desplaire/

329 698 374 54 Ains luy complaire/

332 740 609 66 Soubz Iesus christ/ ⁊ son sermon.

462 794 414 48 ¶ Le .x. cõmandement.

336 831 673 57 ¶ Ce mãdemẽt/ dieu noꝰ ueult repeter

333 882 680 51 Et en sa loy/ deux fois le noꝰ replicque

333 928 679 59 Poͬ demõstrer, que nul sans cõuoiter

335 973 653 61 Uiure ne peult/ car nr̃e chair sapplicq̃

332 1025 541 48 A batailler/ cõtre nostre esperit

336 1069 678 62 Dont nul ne peult/ tãt soit sage ⁊ perit

333 1112 281 55 Auoir uictoire/

335 1153 404 68 Sans en Christ croire/

339 1207 264 57 Il est notoire/

336 1251 615 79 Quil a pour nous/ la loy parfaict:

185 132 137 67 Exo.20.

191 289 124 102 Matt.5.

191 838 134 68 Exo.20.

185 928 141 65 Rom̃.7.

191 1020 119 60 Gał.5.
