1080 1660
65 742 86 53 T

58 138 677 65 Et pardonne/ par foy tout est loysible.

63 185 607 65 ¶ Il a brise/ par son sang le sigille

59 231 503 63 De peche/ qui estoit enracine

58 278 637 56 En nostre chair/ helas poure obstine

58 322 660 58 Uiens a Iesus/ foy ten apprẽt le stile.

58 369 675 66 ¶ Chãte ðsprit/ quãd tu coux ou tu file

58 415 552 59 Et note bien/ ce que iay ramene

56 462 612 60 En la chanson/ sil est bien retourne

56 506 585 59 Et entendu/ il test sainct ⁊ utile.

102 554 631 60 ¶ Aultre chanson/ sur le chãt Tant

99 600 632 68 que uiuray en cage florissant Ie ser

99 646 616 63 uiray le dieu damours puissant ⁊c.

59 690 676 65 Ant que uiuray/ en eage florissãt

155 735 580 67 Ie seruiray/ le seigñr tout puissãt

55 785 678 60 En faictz/ en ditz/ ⁊ chãsõs par accordz

55 832 680 60 Le uieil serpent/ ma tenu languissant

55 878 684 64 Mais Iesus christ/ ma faict resiouissãt

56 925 667 69 En exposãt/ pour moy sõ sãg ⁊ corps:

56 969 258 58 Son alliance/

55 1013 281 59 Cest ma fiance/

59 1061 309 60 Il est tout mien/

56 1106 308 64 Ie suis tout sien/

59 1155 263 59 Fy de tristesse/

56 1203 212 53 Uiue liesse/

56 1245 652 83 Puis quen mon dieu/ ha tant de bien.

739 936 131 60 Ephe.5.

732 1073 138 61 Exo.20.
