1080 1660
45 149 597 57 ¶ Certes celuy/ qui ha sa uolunte

44 188 676 62 Mise a garder/ la loy du grand seigñr:

44 239 579 55 Et nuict ⁊ iour/ en elle ha medite

44 278 681 69 Est bienheureux/ car il a pour docteur

45 332 663 56 Lesperit de dieu/ qui le faict seruateur

45 379 591 58 De ceste loy/ a la chair impossible

45 419 683 67 Qui au croyãt/ ꝑ Christ faicte est possi¬

643 475 77 46 (ble

45 471 536 56 ¶ Celuy sera/ cõe larbre plante

52 514 668 61 Iouxte le coͬs/ des argẽtins ruisseaux

45 561 677 57 Qui en son temps/ fera fruict a plante

48 610 681 60 Ia ses fueilles/ ne aussi ses uͬs ramaux

48 654 678 61 Ne tõberõt/ ne par uentz/ ne par eaux:

47 701 641 61 Car le tout tient/ a larbre ⁊ sa racine

48 744 612 65 Cest a Iesus/ ⁊ sa saincte doctrine.

48 792 674 60 ¶ Ainsi ne fõt/ les meschãtz reprouuez

49 838 664 54 Mais ilz serõt/ cõme la pouldre au uẽ

47 885 659 63 Deuãt la face/ au seigñr dieu soufflez

47 930 623 59 Cest ascauoir/ menez a damnement

47 976 689 58 Sans faire tort/ a nul: mais iustement

47 1026 645 53 Car le seigneur/ peult denier sa grace

48 1072 663 59 A qui luy plaist/ ⁊ demonstrer sa face.

48 1119 681 56 ¶ Les reprouuez/ point ne consisteront

47 1167 681 51 Auec les bons/ au conseil des croyantz

49 1211 683 58 Mais cõme gens meschãtz: bãnis serõt

51 1254 580 74 Et mis au ranc/ des inobeissantz

731 135 128 61 Sed in

731 189 133 54 lege dñi.

731 231 126 59 Hier̃.17.

732 480 123 59 Et erit

736 532 130 54 tanq̃ li¬

735 575 105 87 gnun.

736 809 136 68 Non sic

731 860 102 48 impii.

738 1101 144 76 Non re

738 1164 138 68 surgent.

566 1301 54 67 B
