1080 1660
342 138 685 70 Raison pourquoy? ilz ne sont les enfãs

343 183 680 68 Du seigneur dieu/ ⁊ nont en luy fiance

342 233 664 63 Mais en leͬs faictz/ ⁊ feincte penitẽce.

348 276 653 65 ¶ Car le seigñr/ cõgnoist qͥ est des siẽs

344 327 600 64 Et des iustes/ approuue le chemin

340 370 681 69 Les mescroyãs/ sont pires q̃ les chiens

339 419 552 62 Et leur chemin/ perira en la fin

339 467 655 58 Et leurs docteurs/ iront tous a declin

340 509 636 59 Et seront mis/ a mort par la parolle

340 554 679 64 De Iesus christ/ qui le croyant cõsolle.

343 601 669 65 ¶ Mõ dieu a toy: ie rẽdz gloire ⁊ hõneͬ

343 647 633 62 A Christ aussi/ ton bien ayme enfant

339 698 678 55 Lequel pour uray/ est faict mediateur:

342 740 675 62 Iournellemẽt/ pour le pecheur errant

339 791 592 55 Nostre salut/ est de luy dependant

339 831 678 65 Grace ⁊ ꝑdon/ a ioĩctes maĩs demãde

339 878 675 62 REcteur du ciel a toy me recõmande.

384 924 626 62 ¶ Aultre chãson/ sur le chant Mon

382 976 632 58 poure cueur est en prison. Dieu gard

383 1020 429 61 de mal qui luy a mis ⁊c.

454 1066 548 66 On dieu sauue moy/ en ton non

455 1108 435 60 Et me iuge/ par ta uertu

347 1150 485 67 Exaulse aussi/ mon oraison

339 1197 570 61 Quand ie le croy/ aussi faictz tu:

342 1247 531 79 Ie ne crains satan/ ung festu:

343 1063 98 90 M

222 269 115 58 Quo¬

196 318 137 58 niam no

200 361 67 56 uit.

196 571 128 86 Gloria

199 648 108 64 patri.

199 1058 127 55 Ps̈.54.

196 1099 140 54 Ioelis.2.

198 1146 133 68 actorr.4.
