1080 1660
332 145 684 63 Tant de bourgeoys/ que de marchans

333 197 533 56 Ie mesiouys/ en Iesus Christ

330 242 660 63 Au nom duquel/ ie faictz mes chantz

330 286 532 55 Par la uertu/ du sainct esprit.

333 336 611 56 ¶ Maintenant suis en prison uile:

335 379 565 60 Iambes ⁊ piedz/ en fers pesans

332 427 505 59 Mais iay lesprit/ cler ⁊ agile

333 470 591 66 Quoy quen disent/ les mesdisans

332 518 574 53 Auant quil soit/ iamais dix ans

339 560 537 65 Sil plait a dieu/ qui tout regit

335 610 556 58 Ien sortiray/ maulgre les gens

333 658 533 61 Par la uertu/ du sainct esprit.

332 699 637 64 ¶ Le sang humain/ est moult fertile

332 749 525 64 Par Iesus christ/ fructifiant

333 795 549 58 Doncques ma mort/ sera utile

333 845 477 51 Le nom de dieu/ glorifiant

330 885 471 61 Et mon prochain edifiant

333 937 553 60 En me uoyant/ par foy contrit

336 979 414 64 Ie suis icy/ en my fiant

336 1029 530 61 Par la uertu/ du sainct esprit.

336 1070 586 71 ¶ Prince duquel/ tout bien distile

336 1120 511 55 Aultre que toy/ ie ne pretendz

340 1163 589 58 Tu ma mis hors/ par ton concile:

339 1213 605 61 A ioinctes mains/ graces ten rendz

340 1254 503 74 A te seruir/ ie prens les rancz

198 261 92 62 Ps̈.54.

192 565 128 57 Hebre.1.

198 1084 138 55 Iacob.1.
