1080 1660
336 132 561 68 Mais Iesus christ urayement/

336 183 411 61 Despine est couronne/

336 229 456 58 Or uous uoyez/ cõment

335 276 433 54 Ce meschant est damne.

337 322 470 55 ¶ Par dessus dieu monter

336 367 449 67 Il uouldra/ en ses faictz

335 416 394 59 Et son honneur oster/

335 463 490 58 Par ses prescheurs infectz/

335 506 542 65 Mais Christ/ roy des parfaictz

335 554 378 56 En fin le desteruira/

333 600 463 62 Les siens seront deffaictz/

335 648 426 61 Quand lesprit regnera.

373 738 647 64 ¶ Les lamentations du ◊ape: ⁊ les

375 785 642 62 pitoyables regretz/ quil faict de ce

373 832 643 61 que les Luiher◊ẽs le ont si puissam¬

372 878 644 55 mẽt assailly par les escriptures sain¬

373 925 641 61 ctes: et se chãte sur le chant Ne suis

373 969 639 64 ie pas biẽ malheureux/ ne suis ie ⁊c.

433 1019 559 62 E suis ie pas/ bien malheureux:

434 1062 431 61 Ne suis ie pas/ infortune

330 1108 510 58 Destre de ◊athir impugne/

330 1163 542 51 Pour souffrir mal si rigoreux

330 1202 538 63 Ie me disois/ le dieu des dieux

332 1251 307 67 Publicquement/

335 1062 97 52 N
