1080 1660
134 132 619 60 Fault il que mon estat pompeulx/

131 179 541 56 Soit de luy/ traicte rudement.

131 229 551 64 ¶ Ma dignite/ est en mon nom

131 282 548 55 Car ie suis pere sainct nomme:

131 326 607 61 Mais Luther dit/ que suis damne

131 376 503 52 Par leuangile/ ⁊ son canon:

134 420 620 65 Tais toy/ ce nest pas ton cas/ non?

131 464 259 63 Den disputer

128 513 643 68 Cest aux grandz docteurs de renom

128 563 556 63 Entre lesquelz/ ce fault traicter

132 608 520 62 ¶ Tu donne trop/ dauctorite

130 659 441 60 A leuangile/ scais ie bien

130 702 628 67 Mais aux glosses/ tu nentendz rien

130 752 531 62 Ne au sens/ plain de moralite

131 800 499 57 La lettre occist/ mais uerite

130 847 263 61 Est en lesprit/

131 896 467 64 Le sens duquel iay limite

135 948 542 53 Pour le glosser/ a mon proffit.

132 990 629 64 ¶ Respondz a moy/ Martin luther/

131 1040 569 56 Lauctorite/ de sainct Matthieu:

132 1085 637 59 Ou de sainct Paul/ seruant de dieu

130 1132 527 63 Contre moy/ peult elle lucter?

134 1182 490 60 Ie dis que non/ ne relucter:

132 1232 277 60 Ne peult a moy

135 1274 485 77 Ie peulx corriger/ ⁊ bouter

560 1319 125 82 B .iiii.
