1080 1660
293 195 537 66 Nouueaulx articles/ de la foy.

293 242 557 65 ¶ Ie suis esleu/ des cardinaulx

290 286 615 69 Peres tressainctz/ on le congnoist

286 330 496 68 Leur humilite/ bien on uoit

286 380 652 70 En leurs habitz/ ⁊ leurs chappeaux:

288 423 677 77 Pourtant silz sont/ mes macquereaux

283 468 281 56 Secrettement/

285 515 518 68 Fault il que par ces bibliaux

281 563 481 62 Ie sente perte/ ⁊ detriment.

282 611 623 69 ¶ Par les uilles/ ⁊ par les champs

278 655 466 67 Ie suis mocque/ ⁊ desprise

272 702 536 64 Chascun a mon/ honneur brise

272 749 688 65 Les grandz seigneurs/ ⁊ les marchans

270 791 688 80 Congnoissent bien/ mes faictz meschãs

271 838 310 62 Las cest par toy/

271 883 649 75 Qui te mocques/ de tous mes chantz

270 928 584 74 Disant que dieu/ noit tel abboy.

270 975 527 70 ¶ La messe tu/ ne chante plus

267 1018 469 69 Disant que cest/ infection/

265 1067 499 74 Et que Christ par sa passion

264 1113 469 66 A satisfaiet/ et au surplus

264 1156 586 79 Quon faict/ deshonneur a Iesus

261 1203 299 62 En la chantant/

258 1247 513 75 Le diable donc/ la mis dessus

260 1293 646 93 Trompant le monde/ ⁊ lenchantant.
