<?xml version="1.0" encoding="UTF-8"?>
<alto xmlns:xsi="http://www.w3.org/2001/XMLSchema-instance"
      xmlns="http://www.loc.gov/standards/alto/ns-v4#"
      xsi:schemaLocation="http://www.loc.gov/standards/alto/ns-v4# http://www.loc.gov/standards/alto/v4/alto-4-2.xsd">
  <Description>
    <MeasurementUnit>pixel</MeasurementUnit>
    <sourceImageInformation>
      <fileName>34_56fa6_default.jpg</fileName>
      <fileIdentifier>https://www.e-rara.ch/i3f/v20/2031659/full/full/0/default.jpg</fileIdentifier>
    </sourceImageInformation>
  </Description>
  
  <Tags>
    <OtherTag ID="BT1350" LABEL="DamageZone" DESCRIPTION="block type DamageZone"/><OtherTag ID="BT1351" LABEL="DropCapitalZone" DESCRIPTION="block type DropCapitalZone"/><OtherTag ID="BT1352" LABEL="GraphicZone" DESCRIPTION="block type GraphicZone"/><OtherTag ID="BT1353" LABEL="MainZone" DESCRIPTION="block type MainZone"/><OtherTag ID="BT1354" LABEL="MarginTextZone" DESCRIPTION="block type MarginTextZone"/><OtherTag ID="BT1355" LABEL="MarginTextZone:handwrittenAddition" DESCRIPTION="block type MarginTextZone:handwrittenAddition"/><OtherTag ID="BT1356" LABEL="QuireMarksZone" DESCRIPTION="block type QuireMarksZone"/><OtherTag ID="BT1357" LABEL="StampZone" DESCRIPTION="block type StampZone"/><OtherTag ID="BT1358" LABEL="TitlePageZone" DESCRIPTION="block type TitlePageZone"/>
    <OtherTag ID="LT498" LABEL="DefaultLine" DESCRIPTION="line type DefaultLine"/><OtherTag ID="LT499" LABEL="DropCapitalLine" DESCRIPTION="line type DropCapitalLine"/><OtherTag ID="LT500" LABEL="HeadingLine" DESCRIPTION="line type HeadingLine"/>
  </Tags>
  
  <Layout>
    <Page WIDTH="1080"
          HEIGHT="1660"
          PHYSICAL_IMG_NR="34"
          ID="eSc_dummypage_">
      <PrintSpace HPOS="0"
                  VPOS="0"
                  WIDTH="1080"
                  HEIGHT="1660">
        
        <TextBlock HPOS="114"
                   VPOS="163"
                   WIDTH="644"
                   HEIGHT="1194"
                   ID="eSc_textblock_154657cf"
                   TAGREFS="BT1353">
          <Shape><Polygon POINTS="125 163 114 1357 758 1357 758 167"/></Shape>
          
          
          <TextLine ID="eSc_line_539d7e1a"
                    TAGREFS="LT498"
                    BASELINE="142 215 726 219" 
                    HPOS="141"
                    VPOS="171"
                    WIDTH="585"
                    HEIGHT="61">
            <Shape><Polygon POINTS="724 182 710 175 696 175 695 175 686 179 638 179 533 179 531 178 520 174 516 174 502 174 488 174 479 174 470 177 466 174 461 174 447 174 433 174 419 172 405 172 391 172 378 172 372 172 362 177 361 177 353 172 350 172 336 172 325 172 322 172 308 172 294 172 282 171 278 175 265 171 253 171 239 171 225 171 211 171 198 171 186 171 142 174 142 215 141 221 724 232 726 219 726 183 724 182"/></Shape>
	    <String CONTENT="¶ Des trespassez/ ⁊ poures moriz"
                    HPOS="141"
                    VPOS="171"
                    WIDTH="585"
                    HEIGHT="61"></String>
          </TextLine>

          
          
          <TextLine ID="eSc_line_4afabb4a"
                    TAGREFS="LT498"
                    BASELINE="142 266 675 264" 
                    HPOS="141"
                    VPOS="217"
                    WIDTH="534"
                    HEIGHT="61">
            <Shape><Polygon POINTS="528 218 515 218 510 218 497 224 495 225 438 225 437 224 429 218 418 218 412 218 402 222 378 218 376 218 362 218 354 224 351 225 347 224 330 217 329 217 328 217 326 217 311 224 307 225 300 224 275 217 274 217 272 217 148 222 141 232 142 266 142 276 282 271 301 275 319 278 321 278 366 273 409 269 487 271 653 276 654 276 656 276 675 268 675 264 672 225 542 225 542 224 528 218 528 218"/></Shape>
	    <String CONTENT="Il ne ten fault/ iamais parler:"
                    HPOS="141"
                    VPOS="217"
                    WIDTH="534"
                    HEIGHT="61"></String>
          </TextLine>

          
          
          <TextLine ID="eSc_line_3e34f02b"
                    TAGREFS="LT498"
                    BASELINE="139 305 584 309" 
                    HPOS="138"
                    VPOS="266"
                    WIDTH="446"
                    HEIGHT="54">
            <Shape><Polygon POINTS="139 305 138 312 146 318 148 318 149 318 288 320 289 320 582 314 584 309 582 269 139 266 139 305"/></Shape>
	    <String CONTENT="Nen nul pelerinage aller"
                    HPOS="138"
                    VPOS="266"
                    WIDTH="446"
                    HEIGHT="54"></String>
          </TextLine>

          
          
          <TextLine ID="eSc_line_8b86771e"
                    TAGREFS="LT498"
                    BASELINE="137 355 744 359" 
                    HPOS="135"
                    VPOS="308"
                    WIDTH="609"
                    HEIGHT="62">
            <Shape><Polygon POINTS="732 320 718 316 714 315 649 311 648 311 646 311 628 316 625 318 624 316 616 311 614 311 613 311 612 311 569 316 560 318 559 316 553 312 553 311 552 311 551 311 491 309 490 309 488 309 487 309 487 311 480 316 480 318 340 318 330 316 245 308 243 308 146 315 138 337 137 355 135 366 314 362 343 369 350 370 351 370 353 370 354 370 361 369 382 363 393 369 396 370 397 370 398 370 409 369 443 363 480 369 491 370 492 370 743 369 744 359 743 322 732 320"/></Shape>
	    <String CONTENT="Les femmes/ nyront plus dehors:"
                    HPOS="135"
                    VPOS="308"
                    WIDTH="609"
                    HEIGHT="62"></String>
          </TextLine>

          
          
          <TextLine ID="eSc_line_c621d009"
                    TAGREFS="LT498"
                    BASELINE="138 398 742 405" 
                    HPOS="137"
                    VPOS="356"
                    WIDTH="605"
                    HEIGHT="63">
            <Shape><Polygon POINTS="713 359 711 359 710 359 708 359 699 366 697 366 594 359 581 359 567 359 560 359 515 365 508 365 502 365 469 358 456 358 455 358 430 363 427 363 422 363 369 358 360 358 346 358 335 356 322 362 321 362 315 362 252 356 249 356 235 356 221 356 207 356 193 356 185 356 138 359 138 398 137 405 202 413 203 413 238 408 246 406 256 408 293 413 294 413 378 409 396 409 397 410 402 415 402 416 404 416 405 416 407 416 434 410 441 409 445 410 459 416 461 416 462 416 484 412 495 409 501 412 515 417 516 417 517 419 596 419 596 417 598 417 599 417 605 413 609 410 739 415 742 405 742 367 714 359 713 359"/></Shape>
	    <String CONTENT="Et si naurons/ plus rien des corps"
                    HPOS="137"
                    VPOS="356"
                    WIDTH="605"
                    HEIGHT="63"></String>
          </TextLine>

          
          
          <TextLine ID="eSc_line_5c93748d"
                    TAGREFS="LT498"
                    BASELINE="137 446 528 446" 
                    HPOS="137"
                    VPOS="406"
                    WIDTH="391"
                    HEIGHT="54">
            <Shape><Polygon POINTS="137 446 137 460 528 453 528 446 527 406 137 406 137 446"/></Shape>
	    <String CONTENT="Dont uiurons nous?"
                    HPOS="137"
                    VPOS="406"
                    WIDTH="391"
                    HEIGHT="54"></String>
          </TextLine>

          
          
          <TextLine ID="eSc_line_d0a2d053"
                    TAGREFS="LT498"
                    BASELINE="137 492 643 496" 
                    HPOS="135"
                    VPOS="453"
                    WIDTH="508"
                    HEIGHT="49">
            <Shape><Polygon POINTS="137 492 135 502 642 502 643 496 642 457 137 453 137 492"/></Shape>
	    <String CONTENT="Se dieu nous iecte/ cela hors"
                    HPOS="135"
                    VPOS="453"
                    WIDTH="508"
                    HEIGHT="49"></String>
          </TextLine>

          
          
          <TextLine ID="eSc_line_7fdc020f"
                    TAGREFS="LT498"
                    BASELINE="137 543 717 543" 
                    HPOS="137"
                    VPOS="493"
                    WIDTH="580"
                    HEIGHT="63">
            <Shape><Polygon POINTS="704 511 693 506 569 506 564 503 553 496 552 496 551 496 549 496 548 496 530 503 528 503 526 503 492 496 483 496 472 495 451 502 445 503 434 502 387 495 386 495 372 495 368 495 335 500 318 495 317 495 310 493 299 500 293 503 267 500 218 493 217 493 137 498 137 543 137 556 717 556 717 543 711 528 704 511"/></Shape>
	    <String CONTENT="Il nous fauldra/ labourer tous."
                    HPOS="137"
                    VPOS="493"
                    WIDTH="580"
                    HEIGHT="63"></String>
          </TextLine>

          
          
          <TextLine ID="eSc_line_43ebf7c8"
                    TAGREFS="LT498"
                    BASELINE="137 585 652 587" 
                    HPOS="135"
                    VPOS="545"
                    WIDTH="517"
                    HEIGHT="55">
            <Shape><Polygon POINTS="607 545 594 545 585 545 571 547 567 549 566 547 562 545 552 545 546 545 541 547 537 550 397 550 393 547 387 545 386 545 372 545 368 545 365 547 360 545 358 545 344 545 330 545 317 545 303 545 289 545 275 545 261 545 247 545 234 545 221 545 137 546 137 585 135 592 173 600 174 600 650 598 652 587 650 549 620 545 607 545"/></Shape>
	    <String CONTENT="¶ Ie tay faict excommunier/"
                    HPOS="135"
                    VPOS="545"
                    WIDTH="517"
                    HEIGHT="55"></String>
          </TextLine>

          
          
          <TextLine ID="eSc_line_a0f734ca"
                    TAGREFS="LT498"
                    BASELINE="135 629 720 634" 
                    HPOS="134"
                    VPOS="585"
                    WIDTH="586"
                    HEIGHT="65">
            <Shape><Polygon POINTS="708 597 598 590 596 590 595 590 584 594 578 597 573 594 559 589 558 589 556 589 555 589 542 594 535 597 429 597 412 590 402 587 401 587 400 587 361 589 282 594 268 587 265 586 264 586 263 586 249 587 178 593 135 585 135 629 134 640 357 647 358 647 409 641 425 640 426 641 433 647 433 648 434 648 436 648 437 648 480 641 484 641 490 641 552 648 553 648 555 648 556 648 556 647 562 641 563 641 588 650 589 650 591 650 718 641 720 634 715 610 708 597"/></Shape>
	    <String CONTENT="Pour leuangile/ que tu preschoys"
                    HPOS="134"
                    VPOS="585"
                    WIDTH="586"
                    HEIGHT="65"></String>
          </TextLine>

          
          
          <TextLine ID="eSc_line_d140966f"
                    TAGREFS="LT498"
                    BASELINE="137 676 584 679" 
                    HPOS="135"
                    VPOS="630"
                    WIDTH="449"
                    HEIGHT="64">
            <Shape><Polygon POINTS="513 633 512 633 488 640 479 643 418 643 411 637 408 634 407 634 405 634 404 634 369 636 303 640 296 634 294 633 294 632 293 632 292 632 290 632 272 633 221 640 137 630 137 676 135 683 218 693 220 693 419 687 429 694 430 694 432 694 433 694 582 686 584 679 582 643 515 633 513 633"/></Shape>
	    <String CONTENT="Tu perseuere/ toutesfoys"
                    HPOS="135"
                    VPOS="630"
                    WIDTH="449"
                    HEIGHT="64"></String>
          </TextLine>

          
          
          <TextLine ID="eSc_line_91e92ea4"
                    TAGREFS="LT498"
                    BASELINE="135 724 663 727" 
                    HPOS="134"
                    VPOS="677"
                    WIDTH="529"
                    HEIGHT="58">
            <Shape><Polygon POINTS="393 679 391 679 389 680 376 687 225 687 218 680 218 679 217 679 216 679 135 677 135 724 134 735 661 735 663 727 660 684 494 687 476 681 472 680 470 680 469 680 463 681 436 687 404 680 394 679 393 679"/></Shape>
	    <String CONTENT="Disant que ie suis ung asnier"
                    HPOS="134"
                    VPOS="677"
                    WIDTH="529"
                    HEIGHT="58"></String>
          </TextLine>

          
          
          <TextLine ID="eSc_line_8668a0a8"
                    TAGREFS="LT498"
                    BASELINE="135 771 700 776" 
                    HPOS="134"
                    VPOS="726"
                    WIDTH="566"
                    HEIGHT="66">
            <Shape><Polygon POINTS="696 735 283 727 282 727 264 727 177 733 135 726 135 771 134 781 200 780 228 784 249 788 250 788 252 788 263 785 282 780 296 785 301 788 303 788 304 788 306 788 307 788 310 785 318 780 354 787 373 789 375 789 376 789 383 787 397 781 495 781 519 789 524 791 526 791 527 792 571 792 571 791 573 791 574 791 576 789 588 782 612 791 614 791 616 791 617 792 699 792 700 776 699 740 696 735"/></Shape>
	    <String CONTENT="Ueulx tu tant/ de docteurs nyer"
                    HPOS="134"
                    VPOS="726"
                    WIDTH="566"
                    HEIGHT="66"></String>
          </TextLine>

          
          
          <TextLine ID="eSc_line_e4423eea"
                    TAGREFS="LT498"
                    BASELINE="132 816 420 818" 
                    HPOS="131"
                    VPOS="777"
                    WIDTH="289"
                    HEIGHT="58">
            <Shape><Polygon POINTS="132 816 131 828 355 835 357 835 419 825 420 818 419 781 132 777 132 816"/></Shape>
	    <String CONTENT="Pour soustenir/"
                    HPOS="131"
                    VPOS="777"
                    WIDTH="289"
                    HEIGHT="58"></String>
          </TextLine>

          
          
          <TextLine ID="eSc_line_1f4fda16"
                    TAGREFS="LT498"
                    BASELINE="134 868 630 865" 
                    HPOS="132"
                    VPOS="817"
                    WIDTH="498"
                    HEIGHT="58">
            <Shape><Polygon POINTS="409 818 396 818 389 818 382 824 376 828 132 820 134 868 134 875 628 872 630 865 627 828 556 817 555 817 476 825 455 827 452 824 445 818 445 817 444 817 443 817 409 817 409 818"/></Shape>
	    <String CONTENT="Leuangile/ aussi le psaultier"
                    HPOS="132"
                    VPOS="817"
                    WIDTH="498"
                    HEIGHT="58"></String>
          </TextLine>

          
          
          <TextLine ID="eSc_line_66c9e25a"
                    TAGREFS="LT498"
                    BASELINE="135 908 754 917" 
                    HPOS="134"
                    VPOS="868"
                    WIDTH="620"
                    HEIGHT="61">
            <Shape><Polygon POINTS="731 875 718 872 700 878 600 870 599 870 558 877 549 878 476 878 473 875 466 868 465 868 463 868 462 868 405 874 389 875 135 870 135 908 134 919 751 929 754 917 744 878 739 875 731 875"/></Shape>
	    <String CONTENT="Parquoy tout mal/ me peult uenir."
                    HPOS="134"
                    VPOS="868"
                    WIDTH="620"
                    HEIGHT="61"></String>
          </TextLine>

          
          
          <TextLine ID="eSc_line_fae6d712"
                    TAGREFS="LT498"
                    BASELINE="135 957 652 961" 
                    HPOS="134"
                    VPOS="914"
                    WIDTH="518"
                    HEIGHT="58">
            <Shape><Polygon POINTS="135 957 134 962 307 972 308 972 650 966 652 961 652 926 614 917 613 917 612 917 569 925 566 925 429 925 429 924 420 917 420 915 419 915 418 915 416 915 415 915 391 924 390 925 350 925 348 924 340 915 339 915 337 915 336 915 274 922 265 915 265 914 264 914 263 914 261 914 260 914 242 921 162 914 160 914 159 914 135 921 135 957"/></Shape>
	    <String CONTENT="¶ Les images/ tu as mis bas"
                    HPOS="134"
                    VPOS="914"
                    WIDTH="518"
                    HEIGHT="58"></String>
          </TextLine>

          
          
          <TextLine ID="eSc_line_44f63cc0"
                    TAGREFS="LT498"
                    BASELINE="134 1002 643 1008" 
                    HPOS="132"
                    VPOS="957"
                    WIDTH="511"
                    HEIGHT="65">
            <Shape><Polygon POINTS="530 961 528 961 527 961 526 961 524 961 517 966 515 968 492 965 450 961 448 961 425 964 390 968 373 962 365 960 355 960 346 960 333 961 282 966 258 958 245 958 236 958 180 965 145 957 134 957 134 1002 132 1008 186 1018 188 1018 250 1011 264 1019 265 1019 267 1019 268 1019 270 1019 271 1019 281 1012 344 1019 346 1019 501 1015 513 1022 515 1022 516 1022 517 1022 642 1015 643 1008 642 971 569 962 567 962 566 962 549 968 542 969 540 966 531 961 530 961"/></Shape>
	    <String CONTENT="Aussi les reliques/ des sainctz"
                    HPOS="132"
                    VPOS="957"
                    WIDTH="511"
                    HEIGHT="65"></String>
          </TextLine>

          
          
          <TextLine ID="eSc_line_add66425"
                    TAGREFS="LT498"
                    BASELINE="135 1048 708 1056" 
                    HPOS="134"
                    VPOS="1004"
                    WIDTH="574"
                    HEIGHT="68">
            <Shape><Polygon POINTS="703 1022 689 1016 678 1011 630 1016 623 1016 621 1016 614 1009 614 1008 613 1008 612 1008 610 1008 537 1013 520 1015 517 1013 502 1007 501 1007 499 1007 444 1012 429 1013 426 1012 419 1007 412 1007 405 1007 382 1011 372 1012 336 1009 252 1004 246 1004 232 1004 218 1004 204 1004 198 1004 135 1005 135 1048 134 1061 317 1059 330 1066 333 1067 335 1067 336 1069 391 1069 391 1067 393 1067 394 1067 412 1061 706 1072 708 1056 708 1025 703 1022"/></Shape>
	    <String CONTENT="Telz seruices (dis tu) sont feinctz"
                    HPOS="134"
                    VPOS="1004"
                    WIDTH="574"
                    HEIGHT="68"></String>
          </TextLine>

          
          
          <TextLine ID="eSc_line_14532695"
                    TAGREFS="LT498"
                    BASELINE="132 1095 688 1101" 
                    HPOS="131"
                    VPOS="1052"
                    WIDTH="557"
                    HEIGHT="64">
            <Shape><Polygon POINTS="617 1056 616 1056 605 1062 602 1063 591 1062 556 1056 555 1056 527 1061 516 1062 508 1061 490 1055 488 1055 487 1055 411 1058 340 1061 333 1056 330 1054 329 1054 328 1054 326 1054 282 1055 178 1059 132 1052 132 1095 131 1109 132 1110 134 1110 134 1112 135 1112 137 1112 138 1112 139 1112 167 1103 182 1110 184 1110 185 1110 232 1103 234 1103 235 1103 296 1112 297 1112 422 1106 432 1114 433 1114 434 1114 436 1116 497 1116 497 1114 498 1114 499 1114 508 1108 558 1116 559 1116 686 1106 688 1101 688 1065 618 1056 617 1056"/></Shape>
	    <String CONTENT="Car dieu le nous deffend cy bas/"
                    HPOS="131"
                    VPOS="1052"
                    WIDTH="557"
                    HEIGHT="64"></String>
          </TextLine>

          
          
          <TextLine ID="eSc_line_82bd8deb"
                    TAGREFS="LT498"
                    BASELINE="135 1144 751 1150" 
                    HPOS="134"
                    VPOS="1103"
                    WIDTH="617"
                    HEIGHT="64">
            <Shape><Polygon POINTS="744 1113 739 1109 135 1103 135 1144 134 1156 628 1167 630 1167 648 1166 706 1160 749 1167 751 1150 751 1117 744 1113"/></Shape>
	    <String CONTENT="Pourtant/ fault il sans nulz debatz"
                    HPOS="134"
                    VPOS="1103"
                    WIDTH="617"
                    HEIGHT="64"></String>
          </TextLine>

          
          
          <TextLine ID="eSc_line_4f55d89c"
                    TAGREFS="LT498"
                    BASELINE="134 1192 405 1192" 
                    HPOS="134"
                    VPOS="1146"
                    WIDTH="271"
                    HEIGHT="60">
            <Shape><Polygon POINTS="134 1192 134 1206 405 1206 405 1192 404 1149 253 1153 249 1152 236 1146 235 1146 234 1146 232 1146 216 1152 211 1153 204 1153 159 1146 157 1146 156 1146 134 1153 134 1192"/></Shape>
	    <String CONTENT="Tout ruer ius/"
                    HPOS="134"
                    VPOS="1146"
                    WIDTH="271"
                    HEIGHT="60"></String>
          </TextLine>

          
          
          <TextLine ID="eSc_line_4223a2be"
                    TAGREFS="LT498"
                    BASELINE="134 1238 664 1242" 
                    HPOS="132"
                    VPOS="1188"
                    WIDTH="532"
                    HEIGHT="69">
            <Shape><Polygon POINTS="397 1193 384 1193 354 1199 350 1199 346 1199 319 1193 314 1193 300 1193 286 1193 276 1193 254 1197 245 1193 245 1193 231 1193 218 1193 213 1197 198 1193 189 1193 175 1193 162 1193 150 1193 134 1196 134 1238 132 1246 186 1254 188 1254 189 1254 191 1254 200 1247 213 1254 214 1254 216 1254 279 1247 289 1247 296 1247 342 1256 343 1256 376 1249 379 1249 382 1249 436 1256 437 1256 479 1249 486 1249 491 1250 519 1257 520 1257 522 1257 663 1250 664 1242 663 1202 538 1189 537 1189 535 1189 534 1189 534 1191 524 1200 523 1202 488 1202 481 1200 418 1188 416 1188 397 1191 397 1193"/></Shape>
	    <String CONTENT="En esprit/ tu faictz tes sabbatz"
                    HPOS="132"
                    VPOS="1188"
                    WIDTH="532"
                    HEIGHT="69"></String>
          </TextLine>

          
          
          <TextLine ID="eSc_line_d21ff5a2"
                    TAGREFS="LT498"
                    BASELINE="131 1287 720 1292" 
                    HPOS="130"
                    VPOS="1239"
                    WIDTH="590"
                    HEIGHT="64">
            <Shape><Polygon POINTS="713 1254 703 1247 685 1243 684 1243 648 1250 642 1250 636 1249 616 1243 614 1243 613 1243 612 1243 610 1243 603 1249 602 1250 600 1249 594 1243 592 1243 591 1243 589 1243 588 1243 569 1247 558 1250 404 1250 394 1245 389 1242 387 1242 386 1242 355 1243 285 1247 278 1242 278 1240 276 1240 275 1240 274 1240 264 1242 225 1247 199 1240 198 1240 196 1240 195 1240 193 1240 182 1247 131 1239 131 1287 130 1296 717 1303 720 1292 718 1258 713 1254"/></Shape>
	    <String CONTENT="Lesquelz en chair/ iauoys mis sus."
                    HPOS="130"
                    VPOS="1239"
                    WIDTH="590"
                    HEIGHT="64"></String>
          </TextLine>

          
          
          <TextLine ID="eSc_line_5f047ddc"
                    TAGREFS="LT498"
                    BASELINE="134 1334 702 1339" 
                    HPOS="132"
                    VPOS="1292"
                    WIDTH="570"
                    HEIGHT="74">
            <Shape><Polygon POINTS="134 1334 132 1347 177 1348 211 1362 213 1362 214 1362 216 1362 246 1351 283 1363 285 1363 286 1363 288 1363 319 1350 337 1365 339 1365 340 1365 342 1366 372 1366 372 1365 373 1365 400 1351 414 1362 415 1362 416 1362 418 1362 474 1357 510 1366 512 1366 513 1366 605 1363 606 1363 607 1363 607 1362 618 1352 657 1352 671 1363 672 1363 674 1363 675 1363 677 1363 700 1351 702 1339 700 1300 134 1292 134 1334"/></Shape>
	    <String CONTENT="¶ A quoy tient il/ que ne maymez"
                    HPOS="132"
                    VPOS="1292"
                    WIDTH="570"
                    HEIGHT="74"></String>
          </TextLine>

          
        </TextBlock>
        

        
      </PrintSpace>
    </Page>
  </Layout>
</alto>
