1080 1660
310 188 529 72 Dictes moy/ uostre intention

308 240 493 58 Prenez de moy compassion:

308 282 511 65 Ma dignite/ uous destruisez

306 327 588 70 Et mon honneur/ uous rabbatez

306 372 228 55 De ca de la.

306 419 616 69 Si les sainctz escriptz uous scauez

303 466 606 65 Doibt on pourtant/ prescher cela?

303 513 621 66 ¶ Cent mille escuz ie uous donray

300 554 582 62 Et des pardons/ tresamplement

301 600 538 65 Laissez leuangile/ urayement

300 650 552 65 Doulx ⁊ begnin/ ie uous seray

299 694 491 62 Si ne le faictes/ uous feray

297 738 303 56 Trestous rostir/

294 787 575 63 Et en ung feu/ uous brusleray:

296 831 646 69 Respondz Luther/ ueulx tu mourir.

300 879 677 68 ¶ Mieux noꝰ uault mourir ꝑ tes maĩs

297 919 550 71 Que de seruir/ aux bougerons

293 964 607 74 Dauecques Christ/ ne bougerons:

290 1015 633 69 Et si tu faictz/ de nous rostz maintz

292 1061 630 71 Toutesfoys iamais/ aux Romains

289 1106 397 54 Na tous leurs droictz/

289 1152 515 66 Ne seruirons/ car inhumains

288 1197 635 72 Et faulx ilz sont/ en tous endroictz.

292 1247 584 63 ¶ En Iesus nous/ aurons repos

289 1293 677 86 Qui oeuure lhuys/ non pas Clement:

178 870 117 58 La re¬

155 915 138 51 spõce de

153 955 122 63 Luther.
