1080 1660
74 550 81 52 E

73 138 550 58 Il ne peult ce/ car sa clef ment

72 185 570 58 Or entendez/ meschantz suppos

70 231 507 52 Leuangile est/ nostre propos

67 273 275 54 Nostre soulas/

67 318 569 56 Elle nous faict/ de sens compos

67 365 655 62 Mais le pape/ nous tient soubz lacqz.

110 413 641 55 ¶ Aultre chanson/ sur le chant Sur

108 459 641 58 toutes fleͬs/ Iayme la marguerite.

138 506 603 57 n toy mõ dieu iay mismõ esperãce

161 553 572 55 Ne me cõfondz/ pas eternellemẽt

65 592 681 70 Tous ceulx qui ont/ en toy leur cõfiãce

59 641 681 68 Cõfuz ne sont/ ains ilz sont seurement

159 690 324 52 En toy mon dieu.

59 729 687 73 ¶ De toy seul est/ mõ secoͬs/ ma defẽce

60 782 679 57 Qui tiẽs ciel/ mer/ ⁊ terre/ ẽtre tes maĩs

60 827 661 62 Lhõme est mauldict/ qui ne se fie en ce

59 874 679 61 Quãd est de moy/ ie suis ⁊ soir ⁊ maĩs

155 921 325 59 En toy mon dieu.

56 961 684 66 ¶ Cõme le cerf/ en ung estang se lance

58 1011 681 68 Quãd est chasse/ des ueneͬs ⁊ des chiẽs

55 1058 683 54 Sẽblablemẽt/ quãt mõ ame est en trãse

55 1103 653 65 A toy ie cours/ ⁊ par foy me soustiens

153 1150 324 56 En toy mon dieu.

54 1192 685 68 ¶ Riẽ ne mysert/ frãcois/ ne sa grãt mã

686 1247 52 67 (ce

52 1240 625 60 Estre uestu/ de noir/ de blãc/ ou gris

52 1290 658 72 Ie laisse aussi/ dominicque ⁊ sa pance

749 515 108 48 Ps̈.31.

748 610 109 52 Ps̈.22.

749 658 133 53 puer.28.

742 748 126 55 Ps̈.125.

746 852 131 59 hiere.17.

747 1018 117 62 Ps̈.42.
