1080 1660
333 132 686 68 Ie uiẽs a toy/ car tout bien est cõprins

430 185 323 54 En toy mon dieu.

332 219 666 70 ¶ De le seruir/ faisons tous diligence.

330 271 669 62 Sans discerner/ de places ou de lieux:

333 319 644 62 Il est par tout/ par essence ⁊ presence

333 370 589 61 Qui ce ne croyt/ est contumelieux

430 416 324 55 En toy mon dieu.

330 455 689 67 ¶ Rien ne noꝰ sert/ la chair ⁊ sa prudẽce

332 511 613 54 Lesprit regist/ tout hõme en uerite

332 554 586 56 Et si le faict/ auoir ferme creance

335 605 594 52 Et patience/ au temps daduersite

427 647 331 59 En toy mon dieu.

333 686 686 67 ¶ Prince regnãt/ en ta haulte excellẽce

332 734 687 62 Dauoir mal faict/ y me uint mal a gre

332 788 687 54 Pardon requiers/ a ta saincte clemence

332 836 687 54 Helas rẽdz moy/ en ung meilleur degre

335 881 682 51 En toy mõ dieu/ iay mis mon esperãce.

380 926 639 52 ¶ Aultre chanson/ en laquelle le pe¬

379 968 642 59 cheur se cõplainct a dieu/ en luy de¬

378 1016 638 58 mandãt secours des assaulx que luy

379 1061 638 60 faict le diable. Et se chante sur le

380 1110 637 60 chãt/ De mon dueil triste ⁊ desp. ⁊c.

452 1157 564 60 Es assaulx/ que sathan me faict

448 1204 535 60 A toy mõ dieu/ ie my cõplains

339 1250 587 65 Sans grace auoir/ ie suis deffaict

348 1157 93 104 D

193 1168 140 64 Ephe.6.
