1080 1660
60 149 661 61 Uenu a nous/ pour nostre salut faire.

60 196 676 65 ¶ Il est uenu/ pour la gent iudaicque

59 243 674 62 Nõ seulemẽt/ mais aussi pour les gẽtz

59 287 665 67 Lesquelz seront/ en sa foy permanentz

58 336 684 55 Sans accepter/ le Iuif du barbaricque

58 381 682 63 ¶ Cest le soleil/ ⁊ la splendeur de gloire

56 426 592 58 Limage aussi/ de toy pere eternel

58 474 608 61 Qui est uenu/ le uray emmanuel:

55 514 678 67 Dieu auec noꝰ/ cela noꝰ debuõs croyre.

56 563 684 66 ¶ Au tẽple il fut/ poͬ noꝰ sõ sãg espãdre

55 607 576 59 La circõcis/ pour obseruer la loy:

54 657 646 66 Et pour mõstrer/ q̃ lhõme par la foy

54 701 668 65 Estre le doibt/ en esprit: doulx ⁊ tẽdre.

56 749 662 61 ¶ Puis symeon/ ainsi dist a la uierge

54 795 684 68 Lame de toy/ dũg glaiue moult trẽchãt

54 839 596 65 Sera percee/ affin que illuminant

56 885 682 61 Il soit les cueͬs sa ꝑolle est ung cierge

55 936 660 58 ¶ Il dist apres/ qͥl seroit mis en signe

52 975 540 66 Et pour obiect/ de cõtradiction

51 1019 534 68 Pharisiens/ meschante nation

51 1070 615 60 Contrediront/ a sa saincte doctrine.

54 1119 682 63 ¶ Or maintenant/ tu uoys la ꝓphetie

52 1159 638 68 De symeon/ accomplie en ces temps

51 1206 681 68 Quãt ton salut grace ⁊ pardon attẽdz

51 1251 681 75 Dũg autre christ/ certes cest grãd folie.

749 214 133 52 Qde pa¬

745 260 137 49 rafti an¬

747 296 128 59 te faciẽ.

735 427 124 68 Lumen

735 478 142 54 ad reue¬

743 520 122 58 lationẽ.

566 1305 26 78 C
