1080 1660
56 138 684 62 De Iesꝰ christ/ aux urays p̃dicateurs

54 189 682 55 Et toutesfoys/ noz maistres ⁊ docteurs

52 233 680 58 Lont deffẽdu/ en leur meschãte escolle.

54 280 682 63 ¶ mõ dieu ꝯfõdz/ ces maudictz hypocri

55 326 678 59 Iusq̃s a quãt? sire les soustiẽs tu? (tes

54 377 645 53 Par ces caphars/ ton filz est rabbatu

51 417 595 54 Sa passion/ ses graces/ ⁊ merites.

52 464 681 63 ¶ Toꝰ leurs abuz/ uolũtiers chãteroye

52 514 629 58 Prenez en gre/ de chanter ie suis las

51 554 681 64 Cercheõs en Christ/ ꝯfort ioye ⁊ soulas

55 601 620 61 Il est tout seul/ uerite/ uie/ ⁊ uoye.

73 648 662 63 ¶ Aultre chãson/ sur le chant Qui la

73 693 525 60 dira la douscur de mon cueur.

163 738 563 58 Ui la dira/ la douleur de mõ cueͬ

164 785 567 64 Et le soucy/ q̃ poͬ mõ peche porte

52 832 677 57 Ie ny soustiẽs/ q̃ ennuy/ peine/ ⁊ douleͬ

51 878 678 61 Et si nest nul/ (mõ dieu) qͥ me cõforte.

52 924 676 58 ¶ O seigͬ dieu/ qͥ metz dehors desmoy

54 969 603 60 Tes seruiteurs/ par ta misericorde

54 1018 652 58 Ton plaisir soit/ auoir mercy de moy

51 1062 653 62 Par mõ peche/ iay desseruy la chorde.

52 1108 528 59 ¶ Efface donc/ toute liniquite

55 1153 647 60 Qui est en moy en grande multitude

54 1200 623 56 Ie ne uaulx rien/ car ie suis uanite

51 1246 681 68 Et a mal faire/ iay mistout mõ estude.

70 767 89 69 Q

545 1300 80 59 C .ii.
