1080 1660
335 132 682 58 ¶ Ie demãde estre/ a toy bien conuerty

335 179 685 57 Nõ poĩt ꝑ moy/ mais ꝑ ton bõ uouloir

337 235 594 48 Par mon peche/ ie me suis diuerty

339 272 681 60 sãs toy mõ dieu/ ie ne peulx riẽ ualoir.

339 319 681 53 ¶ Dieu dit ainsi/ aux pecheͬs diuertis

339 365 670 61 Qui ont laisse/ son grãd ⁊ seur chemin

337 410 571 61 Miserables/ si ne estes conuertis

336 456 577 61 Uous irez tous/ en enfer a la fin.

339 506 684 58 ¶ Ses dars aguz/ sont uaisseaux de la

906 554 113 54 (mort

335 547 570 61 Des saiettes/ ont le fer mõlt agus

335 593 684 68 Aux obstinez pecheurs/ poͬ son renfort

346 643 570 61 Il traict en ire/ en fureur ⁊ argu.

336 693 684 49 ¶ Poures pecheͬs craignons les iuge¬

909 737 108 55 (mẽs

337 731 557 64 Du seigͬ dieu/ ⁊ obseruõs sa loy

337 780 682 58 Nõ seulemẽt de peur des griefz tormẽs

339 827 637 59 Mais par amour/ par charite/ ⁊ foy.

339 870 675 62 ¶ Cõmandemẽs il a donne tresdoulx

336 919 641 61 A ses enfans/ pour les faire en esprit

339 961 598 66 Il est le pere/ ⁊ le frere/ ⁊ lespoux:

339 1011 657 54 Seruons a luy/ ⁊ laissons lantechrist.

339 1058 678 61 ¶ Ses mãdemẽs sõt trop fors a porter

340 1102 626 61 Daller a luy/ certes c est grand abuz

340 1152 656 59 On ny faict rien/ sans argẽt apporter

342 1195 558 62 Laissez le la/ cest sardanapalus.

343 1242 673 72 ¶ Le doulx Iesꝰ/ demãde nostre cueur
