1080 1660
72 406 68 42 S

66 114 684 53 Et lantechrist/ demãde auoir noz biẽs

65 159 682 65 En iesus christ/ tout hõe est bien asseur

65 206 679 58 En lantechrist/ toutes gens ne sõt riẽs.

88 254 655 61 ¶ Aultre chanson/ sur le chant Si de

87 301 447 58 bon cueur uous ayme ⁊c.

153 349 432 56 I de bon cueur ne tayme/

152 390 519 66 Mon seigneur iay grand tort/

69 442 454 50 Tu tes donne toymesme/

65 481 458 64 Pour me garder de mort/

69 528 351 61 Satan mauoit tue/

67 576 322 53 Tu mas restitue/

65 621 422 58 Par ton sang precieux/

66 668 404 52 Qui ces choses oublie/

66 712 363 66 Il est trop uicieux.

63 762 496 55 ¶ Cerchons de dieu la grace

65 807 499 58 Tout dung cueur pur ⁊ net/

66 850 392 65 Qui les pechez efface/

66 899 471 58 Au uray croyant parfaict/

66 950 339 59 Cela noubliez pas/

69 994 480 58 Iusque au iour du trespas/

69 1043 387 56 En suy seul esperons

70 1087 380 54 En fin de nostre uie/

70 1132 416 61 Par luy sauuez serons.

72 1177 527 61 ¶ Il ne uous doibt desplaire

72 1225 459 72 Messieurs des troys estas

519 1268 106 83 C .iiii.
