1080 1660
74 705 88 32 F

78 132 511 50 ¶ Uous laboureurs de terre/

76 175 455 56 Et bons marchans aussi/

76 219 500 56 Gardez uous de mal faire/

74 266 382 54 Et de uiure en soucy/

72 315 380 59 Ne soyez conuoiteux/

72 358 409 61 L arrons ne cauteleux/

73 405 494 61 Seruez dieu en uoz cueurs/

70 452 335 58 Uiuez en patience/

73 495 498 58 Et uous serez uainqueurs.

116 539 630 58 ¶ Aultre chãson sur le chãt Faictes

114 587 582 56 sil uous plaist uostre aulmosne.

168 634 576 61 aictz sil te plaist ta saĩte aumosne

170 687 487 55 A ce pecheur qui na plus rien

67 729 578 59 Et qui ne trouue/ en soy nul bien

67 773 612 57 Mon dieu/ cest toy que ie sermonne.

67 820 515 59 ¶ Tu me regiz/ en ta pasture

67 863 557 65 Tellemẽt/ que rien ne my fault

67 907 679 59 Sãs ton saĩct pain/ mõ cueur deffault

66 957 624 62 De m en donner prens donc la cure.

66 1008 601 59 ¶ Lu me nourris/ en ton herbage

65 1054 565 59 Par ta parolle/ ⁊ sainctz escriptz

63 1098 483 58 Sire donne moy/ les espritz

63 1144 503 56 De la gouster/ en ce uoyage.

65 1191 504 59 ¶ Helas tu es/ guide propice

62 1235 527 65 Pour me mener/ droict en syon

66 1282 487 72 Tu es la uigne/ ⁊ moy syon
