1080 1660
330 116 477 66 Ie suis peche/ ⁊ toy iustice.

330 167 629 62 ¶ Sil aduient que satan men uerse

330 213 552 62 Tu me recoys entre tes mains/

329 262 607 61 Et me soustiens/ roy des humains

329 305 505 61 Desprit auec toy ie conuerse.

332 351 624 65 ¶ Ie suis faict fort par ta doctrine/

329 401 561 58 Par ta parolle/ ⁊ sainct sermon:

330 444 502 62 De ma deffence/ est le baston

329 489 499 62 Pour me tenir/ en discipline.

330 536 592 61 ¶ Deuãt moy/ tu as mis la table

330 582 527 62 De tes diuins enseignemens/

329 633 613 51 Qui sont certes grandz sacremens

329 673 469 56 Le pain celeste ⁊ delectable

330 720 621 61 Mon chief as oing dhuyle de grace

332 769 551 61 Ton calice est moult fructueux

329 813 529 62 En endurant ie suis heureux:

330 861 527 61 Si tu retourne/ a moy ta face.

332 907 634 66 ¶ Puis que ainsi est/ que tu taccorde

332 953 533 63 De me donner/ ayde ⁊ secours

330 1004 579 58 A toy mon dieu/ iay mon recours

330 1047 489 59 En attendant/ misericorde.

330 1095 589 60 ¶ Par foy/ ie auray ton habitacle

333 1139 532 60 Seigneur ainsi tu las promis

330 1186 463 59 A tes esleuz ⁊ bons amys:

335 1232 555 79 Le ciel est ton sainct tabernacle.
