1080 1660
72 459 72 40 I

72 128 499 58 ¶ A toy iay esleue mon ame/

72 172 494 60 Tu as faict ma redemption

72 217 487 63 Iattendz de toy subuention

69 264 591 54 Qui si attend naura nul blasme.

91 309 651 67 ¶ Aultre chãson/ sur le chant Iouys¬

91 362 401 55 sance uous donneray.

153 403 503 61 L appartient/ loz ⁊ honnenr

155 450 577 61 A toy tout seul mon bon seigneur

69 493 662 60 Quant est de nous: nous sõmes de ire

67 540 641 64 Urays filz Dadam remplis derreur

66 583 586 67 Et ung chascun de nous pecheur

67 630 457 57 La uerite le me faict dire.

69 677 519 61 ¶ Iesus ton filz nostre prelat

66 727 496 57 Nostre frere/ nostre aduocat

66 769 503 58 En la croix a eu la uictoire/

65 818 452 54 Contre satan: ⁊ le combat

70 863 464 56 Or par ce uertueux debat

65 910 660 63 Lhomme est mis en honneur ⁊ gloire.

67 958 558 60 ¶ Lamour de luy/ la faict uenir

66 1001 468 55 Uoire sans nostre deseruir

66 1054 508 52 Meritoire/ mais par sa grace

65 1094 551 55 Bien il nous en doibt souuenir

65 1141 522 59 Et recorder iusque au mourir

66 1186 649 63 Lingrat/ me desplaist quoy quil face.

69 1233 584 71 ¶ Si pour Christ auons du soucy
