1080 1660
350 553 67 45 G

335 135 602 58 De nous/ nen ha pas moins aussi

335 181 637 55 Amour le uous doibt faire entendre

339 229 613 61 Mais sil uous griefue destre ainsi

337 276 542 56 Demandez suy de cueur mercy

337 316 680 63 Tout uient apoint qui peult attendre.

357 366 662 61 ¶ Aultre chanson/ sur le chãt Grace

355 410 661 60 ⁊ uertu/ bonte ⁊c. Ou sur Ie my re¬

355 459 540 55 pens de uous auoir aymee ⁊c.

425 499 589 61 race ⁊ uertu/ bõte/ beaulte noblesse

427 550 593 57 est en mõdieu/ poĩt ne le fault celer

339 596 680 61 Trop my desplaist/ den ouyr mal ꝑler

340 644 676 58 Ie hays celuy/ qͥ son hõneur luy blesse.

332 690 687 61 ¶ En mes chãsons/ sõ nom ie magnifie

333 734 586 62 Car cest le filz/ de dieu le createur:

336 781 665 54 Et croy qu il est/ mon seul mediateur

336 828 593 60 Et aduocat/ heureux est qui si fie.

337 874 682 61 ¶ ꝗ̈t sõ saĩct nõ/ doulcemẽt ie ĩuoquoye

337 925 676 55 Mes ennemis/ poͬ me mettre en esmoy

339 965 655 62 Disoient ainsi/ il est bien loing de toy

337 1015 625 57 Point ne ty fie/ or ainsi ie chantoye.

340 1058 620 61 ¶ Uoyci le temps/ de sa misericorde

340 1109 589 55 Il aura donc/ de moy compassion

340 1150 547 64 Iespere auoir/ de luy remission

340 1196 554 58 Pardon aussi/ uerite si accorde.

340 1242 677 70 ¶ mõ doux iesꝰ/ iay faict cry lamẽtable
