1080 1660
63 143 680 61 De ꝓfond cueur/ a toy tu le congnoys

72 188 617 63 Il est en toy/ sire exaulser ma uoix

65 236 612 61 Tu seras donc/ a ton serf amyable.

65 280 674 63 ¶ Helas seigñr/ si obseruer mes uoyes

63 329 621 55 En iugement uouloys/ ⁊ les punir

63 374 637 58 Qui le pourroit/ porter ne soustenir:

60 421 784 63 ð tes doulx chãtz/ ne orriõs iamais les ioyes

62 467 678 60 ¶ Mais pour autãt/ q̃ tu es tout ꝓpice

60 510 517 64 Ensemble aussi/ propitiation

59 560 584 58 En toy iay mis/ mon expectation

60 603 601 58 Ne me punis point selon ta iustice.

62 647 655 65 ¶ Fie me suis/ a ton uerbe ⁊ promesse

60 698 636 55 Car tu es tel/ qui ne pourroit mentir

63 742 626 54 De cest espoir/ ne me peult repentir

59 789 677 56 Et my fieray/ a tout iamais sans cesse.

60 832 633 57 Le chrestien/ ayant la congnoissance

59 879 547 56 Du redempteur/ ⁊ sa benignite

65 926 576 61 Iusque a la mort/ des sa natiuite

60 973 678 61 Doibt mettre en luy/ toute sõ esperãce.

60 1016 612 63 ¶ Misericorde/ il ha en abondance

59 1069 673 54 quil nest pecheͬ /ne hõe tãt soit uitieux

56 1110 676 60 ne tãt mauuais/ soit hõe ieune ou uieux

59 1156 676 57 Qui de peche/ ny trouue la deliurance.

59 1202 676 56 ¶ Puis quil peult dõc/ toute faulte re¬

591 1251 142 64 (mettre

56 1246 495 77 Croyãs qͥl a faict satisfactiõ
