1080 1660
354 565 103 42 M

347 138 559 65 De noz pechez/ en sa submission

344 185 683 55 tres hũblemẽt/ mes fr̃es noꝰ fault mettre

348 233 664 58 ¶ O mõ seigͬ/ tu es le christ tres digne

346 278 601 59 Destre en syon/ dessus tous adore

350 323 660 62 Il te appartient/ ton nom soit hõnore

347 370 656 61 De noꝰ trestous/ en cantiq̃s ⁊ hymne.

393 416 633 58 ¶ Aultre chanson/ sur le chant Celle

391 464 417 60 qui ma tant pourmene.

472 503 530 68 On dieu/ que iay tant attendu

470 556 457 58 A eu pitie de ma langueur:

347 597 468 65 Le filz de luy/ qui est uenu

348 647 439 59 Icy est nostre protecteur/

348 693 528 52 Nostre aduocat/ nostre recteur

347 737 589 61 Gouuernant tout par sa parolle/

346 789 530 49 REnouuellant aussi le cueur:

347 827 583 65 Dont il mest aduis que ie uolle.

347 877 601 56 ¶ Il est uenu/ mais en temps deu

344 922 564 61 Et sest demonstre/ estre sauueur

346 968 537 55 Car son pere auoit/ larc tendu

346 1015 526 52 Pour nous tuer/ en sa fureur:

343 1061 521 56 Christ fut de paix/ mediateur

344 1110 478 53 Comme lescripture recolle/

346 1149 626 62 Lequel souffrit/ pour nous douleur

346 1199 578 52 Dont il mest aduis que ie uolle.

348 1243 617 75 ¶ Pour nous son sang/ a respandu
