1080 1660
56 160 639 61 En la croix/ cõme ung malfaicteur

56 213 496 49 Et tout le cas bien entendu/

54 250 480 58 A satisfaict pour le pecheur

58 298 585 60 Tellement quil nest plus debteur

54 345 386 57 Car il a efface le rolle

55 391 435 53 Et loblige/ du crediteur:

56 432 579 57 Dont il mest aduis que ie uolle.

58 482 635 63 ¶ Mais faulx semblant/ a pretendu

55 531 559 54 Pour des gens/ auoir la faueur

58 575 556 57 Que pardon/ nous estoit rendu

56 622 543 58 Pour estre ung peregrinateur

56 665 547 54 Patrenostrier/ ou ung ieuneur

58 712 486 58 Ou ung adorateur dydole

55 758 593 59 Plus ne le croy/ ce nest que erreur:

56 805 580 58 Dont il mest aduis que ie uolle.

59 852 554 61 ¶ Par foy satan/ est confondu

58 901 560 56 Non point pour estre operateur/

59 944 497 54 Paradis ne nous est uendu

58 990 552 54 Mais est donne/ par le seigneur

60 1038 485 54 La foy te faict obseruateur/

58 1080 630 61 Des impreceptz de la saincte escolle

60 1128 536 60 De Iesus/ ⁊ non dung prieur:

62 1174 570 54 Dont il mest aduis que ie uolle.

60 1225 612 55 ¶ Poures caphars/ ont tout perdu

62 1269 579 72 Puis quil souffist destre gardeur
