1080 1660
351 143 457 63 De la loy/ ⁊ que deffendu

357 196 538 58 Il est: destre plus pardonneur

350 239 558 61 Plus ne leur fault de recepueur

350 286 616 52 Pour mettre argent/ en leur cibolle

350 333 605 51 Auquel on ne faict plus dhonneur

351 379 576 51 Dont il m est aduis que ie uolle.

350 421 615 63 ¶ Tout bien de Christ est descendu

354 468 493 64 Il est de tout bien largiteur

350 515 579 61 Pour nous en croix il fut pendu

348 561 554 55 Ce que ne fut iamais prescheur/

350 605 548 63 Ne sainct martyr/ ne confesseur

348 650 612 61 Cest Iesus christ qui nous consolle

350 698 545 60 Qui nous sauue/ ⁊ mect asseur

348 741 586 68 Dont il mest aduis que ie uolle.

501 792 286 64 FINIS.

347 925 591 64 Toy musicien/ garde la sinalephe

343 978 638 56 Car elle faict discord souuẽt es uoix

347 1020 667 61 La sinalephe/ est faicte ainsi que uoys

343 1067 681 72 Au chãtre auoir/ il faut bõe ãtigraphe.
