927 1501
96 115 456 55 En disant, Quia pius es.

96 158 435 62 A tout ce ne uous abusez

97 203 509 60 Pu Iesus Christ est renonce

93 250 506 58 Qui en larmoire nest musse.

96 296 510 57 Tant ne se ioue chat asa rate

93 342 611 59 Que le prestre a son Dieu de paste

95 386 605 66 Souffle plus tost de cinq sur glou

98 434 608 61 Quun mareschal ne forge un clou

93 487 623 57 Des tours quilz en font me sourris

92 526 552 64 Le mangeant cõme chatz souriz

92 572 576 63 Loeuure est plus que prodigieuse

92 617 588 65 Qui une mouche uoyre boyteuse

92 666 490 53 Ne scauroit faire uiuement,

93 712 498 59 Face un Dieu si subitement.

92 754 658 70 Quen temple de main Dieu se tienne

90 806 497 57 Nie S. Paul ⁊ S. Estienne.

90 846 574 68 En hault ton salut fault cercher.

88 898 608 61 En leaue dembas ne uault pescher

88 944 566 57 En laquelle nest uray baptesme

90 988 502 61 Si Iesus ne laue luy mesme

90 1035 512 64 De son sang qui est lalliance

90 1080 654 65 Qua faicte a nous des nostre enfance

87 1129 434 58 Ce Noe figura en larche.

90 1174 514 64 Depuis, Abran, le patriarche

90 1219 461 78 De circoncist ⁊ ses enfans.

758 145 140 57 Luc.21.b

755 190 138 48 Ebre 10 ◊

755 231 136 56 Act.7.17

745 689 133 55 Act.7.f.

745 732 144 53 17.f.19.c.

752 771 138 49 Colo 3 a

745 815 141 64 Ieh.4.b.

686 1278 60 66 Le
