927 1501
78 95 478 56 Uiens tost Uerite escouter.

78 138 473 65 Ioyeux estoye den gouster

75 182 553 66 Possible nestoit de mieulx dire.

75 230 531 61 Mais affin deuiter uostre ire.

72 275 552 58 Auoir de uous grace ⁊ support:

73 318 571 68 Prest ie suis de la mettre a mort.

263 367 184 58 Ministre.

73 411 566 66 Par mes ordres quand ie sentis

73 462 401 59 La uerite te taduertis

73 501 593 70 Que riens que ton salut ne cerche

71 547 659 67 Mais quãd iay ueu, quainsi me mar

644 594 77 62 (che

72 599 505 60 Me uoulant faire labourer,

76 646 464 61 Estudier, prescher, ouurer,

73 692 524 62 Ce que napprins nulle saison.

75 737 589 66 Que diroyent ceulx de ma maison

75 786 460 59 Qui est la plus noble icy?

76 830 525 64 Nestoit ce pas cest homme icy,

76 876 615 64 Qui estoit riche en grand honneur,

76 923 475 57 Le uoyla uenu laboureur.

76 966 599 60 A mes parens seroit honte ⁊ tache.

75 1015 449 65 De cela uerite me fasche.

300 1064 157 60 Peuple.

77 1101 654 77 Prudent Seigneur uous estes sage.

301 1157 185 57 Ministre.

77 1197 525 91 Selle neust dict q̃ de mariage.

559 1243 176 70 Scanda¬
