927 1501
178 80 462 71 Scãdalize ie ne men fusse.

180 137 608 65 Par le sainct chresme marie meusse,

181 180 474 62 Uiuãt selon son ordõnãce.

180 228 535 63 Mais quãd autre chose ie pẽse

180 275 593 61 Mieulx me uault demourer ainsi

181 323 455 58 Et si nauray tãt de soucy.

406 368 156 58 Peuple.

181 404 423 66 Iay bien ouy de Uerite

180 461 486 58 Saincte chose estre chastete.

178 506 547 60 De coeur ⁊ corps ⁊ q̃relle estre

176 550 663 70 Au marie peult mieulx quau prebstre.

176 596 559 66 Ne uous desplaise mõseigneur.

404 647 181 55 Ministre.

177 685 497 64 Par le saĩct canõ cest erreur.

176 737 523 63 Ne ty arrestes: mais me croy

176 783 425 58 Qui ta cõsciẽce cõgnoy.

176 831 385 55 La uerite est odieuse.

181 878 478 58 Ie ne leusse dit oultrageuse

173 924 532 61 Pour mẽger chair au samedy,

173 969 576 60 Quart tẽps, quaresme, uẽdredy,

173 1015 602 59 Biẽ scay q̃ tous iours sõt esgaulx

171 1064 607 61 Des oeufz mãger ou des oyseaulx

170 1109 533 63 Car Dicu ne se soucie en riens

171 1155 602 65 De quelz mãgers faisõs noz fiẽs.

171 1204 527 89 Mais? Decretalles autremẽt.

690 1248 146 87 Peuple
