927 1501
281 67 164 63 Peuple.

63 112 472 65 La uerite mõsieur ne mẽt.

66 157 516 65 Despuis (dit on) q̃ decret ales

63 207 568 64 Eut, ⁊ marchãs porterẽt malles,

63 253 497 63 Et moynes allerẽt a cheual:

66 298 513 69 Le mõde neust iamais q̃ mal.

319 346 142 58 Aucun.

66 389 474 60 Loue soit Dieu le createur

66 437 424 63 Des desolez cõsolateur.

65 484 603 65 Pain, uin, richesse, hõneur, ne prise

66 540 519 56 Un chãpignon sur teste grise,

67 576 627 68 Sa tel sermon tousiours puys estre.

63 624 506 58 Ainsi ne parle nostre prestre.

66 669 526 66 Duq̃l le peuple fort sapproche

73 717 560 62 Ie ne craindray iamais reproche

66 761 521 62 De tout le mõde, que nẽsuyue

66 806 466 59 La Uerite, tãt que ie uiue.

65 851 606 65 Du peuple approcher ie me ueulx,

66 901 564 62 Et scauray le propos dẽtre eulx,

63 946 452 64 Cõmẽt aussi a aggreable

63 990 593 65 Ce sainct sermon, uray, ⁊ notable.

63 1036 607 65 Mes freres paix uous doint Iesꝰ.

65 1086 495 69 En ma uie si ioyeux ne fuz.

65 1132 192 81 Et uous?

283 1172 181 90 Ministre.

623 1232 97 55 Qui
