927 1501
400 85 186 51 Ministre.

178 127 508 63 Noz maistres en predication

180 175 445 61 Diset, En ceste collation

178 221 586 60 Nous aurõs deux ou trois partie,

181 266 464 60 Thresauriere saluẽt marie

180 311 432 60 En disãt, a la coustume

180 358 524 62 Par rithme, Nous dirõs Aue,

182 406 483 63 Leurs parties finẽt en tiua,

181 454 543 60 Themes graphiques primeua.

181 500 472 61 Puys, question theologale

185 545 596 62 Font de lescot ou Iehan des halle.

180 592 553 62 Et la grãt croix fort perfrõtee,

185 637 409 62 Font a la fin ⁊ a lẽtree,

180 682 448 64 Et disẽt quolibetz ioyeux

180 735 593 58 Pour resueiller aucuns dormeux.

180 775 445 61 Uerite na point tel esprit.

182 819 629 64 Tousiours de Dieu de Iesus Christ

182 866 554 59 Ou de sa croix faict sõ propos.

181 913 585 63 Les sainctz ⁊ mortz, laisse ẽ repos.

181 955 600 69 Son nen tiẽt cõpte, nest merueille.

431 1011 129 57 Aucun

181 1045 522 60 Tout cela poĩt ne me reueille.

180 1098 431 64 Leur aue nest pas oraisõ

181 1142 539 65 Que disẽt en rithme sãs raison

181 1189 537 81 Uoz maistres predicamẽteurs.

734 1232 102 78 Lictz
