927 1501
131 130 400 58 Auoir uiure delicieux

136 171 605 66 Bon uin, logis, habitz pompeux,

133 222 566 59 Uiure en repos, sans trauailler,

140 265 475 66 Fors a loffice du moustier.

136 307 533 64 Mais uerite trouue contraire

138 358 517 62 a toute chose que ueulx faire

143 397 665 75 Dont me plaing ⁊ dueil grandemẽt.

366 457 160 52 Auarice.

146 490 620 67 Noble seigneur? Helas? Comment?

145 542 480 69 Uous est Uerite si diuerse?

146 582 613 75 Que tous uoz faictz elle renuerse?

145 639 534 63 Comment ose elle a ce penser?

147 682 534 68 Uous deueriez biens posseder.

145 729 505 66 Selle faisoit ce quelle doibt:

148 773 612 71 Si tost que uous bougez le doigt.

150 816 664 73 Tout deburoit deuãt uous trembler.

148 868 538 70 A qui nul ne deubt ressembler.

150 918 466 67 Le peuple doibt estre tenu

152 959 571 69 Paoure, meschant, ⁊ mal uestu.

156 1010 468 66 Certes si croire me uoulez,

157 1060 423 61 Uerite plus ne seruirez,

158 1101 585 69 Trouue uous ay la recompense.

386 1150 185 59 Ministre.

157 1194 471 66 Ma dame auarice ie pense

165 1238 565 77 Fort uoulentier a mon proffeit.

741 1284 64 68 Jay
