927 1501
73 105 648 58 Iay en mon coeur trop grand despit

70 147 465 59 Que Uerite me contrarie.

70 193 589 59 Pourtant uous prie doulce amie

70 240 566 58 Quaultre maistresse me querez.

301 286 161 51 Auarice.

71 327 503 64 Si feray ie uous le boirrez.

75 384 565 56 Ie le uous prometz par ma foy.

73 427 551 57 Et tout prestement ie men uoy

75 472 565 59 Par deuers ma soeur Simonie.

73 519 557 62 Ma chere soeur ie uous supplie

73 567 631 60 Quauec moy uous uous en uenez,

73 612 421 59 Le ministre conforterez.

77 659 379 60 Il a Uerite relenqui.

73 709 539 56 Ie uous menray parler a luy.

71 759 505 54 Uous serez sa gouuerneresse

71 799 475 60 Son amye âŠ sa maistresse.

70 846 551 60 Allons ueoir ce quil nous dira.

297 891 187 58 Simonie.

71 934 496 59 Sil me ueult seruir, il aura

71 984 662 65 Des biens assez, point ne sen doubte

298 1038 159 46 Auarice.

71 1075 570 63 Dieu gard la compaignie toute

72 1127 624 56 Nous uous sommes uenues uoir.

72 1174 622 59 Uoicy maistresse quon doibt auoir,

72 1220 592 70 Son desire les grandz honneurs,

507 1265 223 68 C 4 Ilz
