927 1501
141 105 629 67 Et ueulx quon tap̃pelle Sauueur,

142 155 519 62 Maistre, sire, ⁊ pere en Dieu.

145 200 535 66 Et diras que tu tiens son lieu.

145 248 494 63 Ainsi on ne tosera mesfaire:

145 287 666 76 Car on craindroit trop grãd mal faire

146 341 494 59 Achetes cures, chanoineries,

150 387 452 65 Doyennez, ⁊ chapeleries.

148 434 456 67 Eueschez, ⁊ cardinaultez.

148 479 550 65 Et comme George papaultez.

151 529 578 63 Marchande ⁊ rechange souuent.

158 575 516 64 Ie ten fay le commandement

151 624 538 56 Pource que te ueulx exaulcer

156 665 582 67 Fort grang seigneur ⁊ te haulcer.

155 714 436 62 Obeiz en toute maniere.

376 760 185 58 Ministre.

150 806 526 65 A? dame? que ie uous ay chere

151 853 426 68 Simonie bien la uallez

381 901 185 58 Simonie.

156 945 510 65 Fais faire des habitz fourrez

153 993 582 67 Puis que Simonie te gouuerne.

153 1043 526 56 Et uas souuent a la tauerne.

160 1085 600 68 Ioue aux dez auec les plus belles

155 1134 601 64 Mariees soyent, uefues, pucelles.

157 1183 603 61 Soit par amour, ou soit par force.

157 1228 593 75 Ne la renuoye que grasse ⁊ grosse.

755 1260 65 82 Et
