927 1501
65 95 535 53 Et si Aucun, mot il ten sonne,

65 140 555 60 Dicz que bien faire la personne

65 183 539 65 Peult playe qui la scait saner.

63 232 482 60 Enuoye le sa terre ahaner.

62 276 524 56 Autre chose il ne te fault dire.

65 323 456 64 Pille, derrobe, serre, ⁊ tire

65 371 559 63 Pẽdant que tu es en ton regne.

66 416 659 60 Quãd il est augst fault faire glenne.

70 464 532 63 Ie ne te say mieulx conseiller.

76 512 553 60 Il conuient auant ton monstier

63 560 572 60 Auoir beaucoup de marmousetz

66 599 662 68 Grãdz, petitz, moyẽs, beaux, ⁊ laidz.

67 650 592 64 Lun tienne une crosse en sa main,

66 696 535 68 Lautre sa teste contre son sein.

66 742 618 63 Lun des stimactes, signez, ⁊ seaux.

66 789 655 64 Lautre des doigtz chargez dãneaulx,

66 836 627 64 Lun un chapeau, lautre une mitre.

66 881 662 63 Lun tienne au mur, ⁊ lautre en uitre.

66 929 588 65 Lun une besche, lautre une espee,

66 978 504 62 Lautre a cheual lance ferree.

66 1021 489 65 Lun en sa main un urinal,

66 1069 573 61 Lautre y tienne un fer a cheual.

67 1115 658 64 Lun trãche cuyr, lautre un manteau,

67 1164 578 61 Lautre sur son poing un oyseau,

68 1212 509 70 Lun en sa main une doloire,

592 1254 139 65 Lautre
