927 1501
183 85 537 55 Lautre ayt toute la face noire.

180 131 648 62 Lun tienne un clouz, tenailles, ou sie.

180 176 578 62 Lautre un marteauz une cognie,

180 223 539 60 Et pour en remplir la cohorte,

185 267 589 66 Faire en conuient de mainte sorte.

180 318 533 61 Par leurs enseigne on scaura.

180 363 484 59 Comment on les appellera

182 411 483 56 Lun guerira de mal de teste

180 457 516 62 Aussi bien a femme qua beste.

185 502 634 59 Lautre des yeulx faisant uoir clair

183 549 476 60 Et lautre gardera desclair.

186 602 583 48 Cun on priera pour mal de dens.

186 642 588 57 Lautre sur la mer pour les uens.

183 690 643 57 Lun donra pluye, lautre beau temps

181 742 632 48 Et lautre aux femmes des enfans.

183 784 660 60 Lun guerit fieures lautre chault mal,

182 829 417 52 Et lautre le commicial.

183 875 543 55 Lun la main, âŠ lautre le coude

182 923 581 57 Et lautre le uentre ou la goutte.

182 968 413 53 Lun guerit de paralisie

182 1014 499 61 Et lautre enfle dhydropisie.

183 1061 597 60 Lun de feuz, de loups, ou de galles

182 1106 502 63 Ce dit Alexandre des halles

186 1153 583 67 Qui est un doubteur trescertain,

183 1199 397 74 Et le mal neapolitain,

776 1247 72 77 Ha
