927 1501
65 80 454 58 Ha son guerisseur separe.

66 130 408 60 Et sil y a riens esgare,

65 176 446 57 Un y en a qui le renuoye.

65 222 593 58 Lun de feu garde, lautre lenuoye.

63 270 531 53 Lun a puissance sur tonnoirre

63 316 585 59 De quasser menu comme uoirre,

67 362 572 60 Ou de garder qui quil uouldra.

65 409 475 57 Lautre de rage absouldra.

65 455 500 61 Lun gardera de riens noyer,

65 502 522 60 Lun bled lautre uin enuoyer .

65 547 566 62 Lun uoller plume fera du naiz,

62 595 613 66 Aux enfans qui seront mortz naiz.

61 645 498 60 Apres, metz les au cimetiere,

62 689 563 62 Et que pour eulx facons priere.

63 734 605 61 Uoyre aussi maulgre leurs parens

65 781 605 65 Desquelz serons payez comptans.

65 833 564 57 Fays les donc du peuple aorner,

60 873 489 60 Et des chandelles allumer:

62 918 592 66 Qui uiendront a nostre prouffit.

60 966 578 63 Et ueulx qu il y aye gros escript

61 1019 612 57 Quon acquerra moult de pardons

58 1059 501 62 A donner offrandes ⁊ dons.

58 1105 608 65 Et ueulx auoir des troncz plantez

61 1152 491 65 Qui soyent fermez ⁊ bendez

57 1198 591 82 De fer pour mettre les offrandes

620 1250 101 78 Que
