<?xml version="1.0" encoding="UTF-8"?>
<alto xmlns:xsi="http://www.w3.org/2001/XMLSchema-instance"
      xmlns="http://www.loc.gov/standards/alto/ns-v4#"
      xsi:schemaLocation="http://www.loc.gov/standards/alto/ns-v4# http://www.loc.gov/standards/alto/v4/alto-4-2.xsd">
  <Description>
    <MeasurementUnit>pixel</MeasurementUnit>
    <sourceImageInformation>
      <fileName>54_413b0_default.jpg</fileName>
      <fileIdentifier>https://www.e-rara.ch/i3f/v20/4519072/full/full/0/default.jpg</fileIdentifier>
    </sourceImageInformation>
  </Description>
  
  <Tags>
    <OtherTag ID="BT1367" LABEL="TitlePageZone" DESCRIPTION="block type TitlePageZone"/><OtherTag ID="BT1368" LABEL="MainZone" DESCRIPTION="block type MainZone"/><OtherTag ID="BT1369" LABEL="MarginTextZone" DESCRIPTION="block type MarginTextZone"/><OtherTag ID="BT1370" LABEL="QuireMarksZone" DESCRIPTION="block type QuireMarksZone"/><OtherTag ID="BT1371" LABEL="GraphicZone" DESCRIPTION="block type GraphicZone"/><OtherTag ID="BT1372" LABEL="StampZone" DESCRIPTION="block type StampZone"/><OtherTag ID="BT1373" LABEL="DamageZone" DESCRIPTION="block type DamageZone"/><OtherTag ID="BT1374" LABEL="MarginTextZone:handwrittenAddition" DESCRIPTION="block type MarginTextZone:handwrittenAddition"/><OtherTag ID="BT1375" LABEL="NumberingZone" DESCRIPTION="block type NumberingZone"/><OtherTag ID="BT1376" LABEL="DropCapitalZone" DESCRIPTION="block type DropCapitalZone"/>
    <OtherTag ID="LT501" LABEL="DefaultLine" DESCRIPTION="line type DefaultLine"/><OtherTag ID="LT502" LABEL="HeadingLine" DESCRIPTION="line type HeadingLine"/><OtherTag ID="LT503" LABEL="DropCapitalLine" DESCRIPTION="line type DropCapitalLine"/>
  </Tags>
  
  <Layout>
    <Page WIDTH="927"
          HEIGHT="1501"
          PHYSICAL_IMG_NR="54"
          ID="eSc_dummypage_">
      <PrintSpace HPOS="0"
                  VPOS="0"
                  WIDTH="927"
                  HEIGHT="1501">
        
        <TextBlock HPOS="51"
                   VPOS="100"
                   WIDTH="711"
                   HEIGHT="1187"
                   ID="eSc_textblock_e07f8d44"
                   TAGREFS="BT1368">
          <Shape><Polygon POINTS="55 102 51 1287 735 1281 762 100"/></Shape>
          
          
          <TextLine ID="eSc_line_284c80da"
                    TAGREFS="LT501"
                    BASELINE="75 151 542 153 733 163" 
                    HPOS="73"
                    VPOS="110"
                    WIDTH="660"
                    HEIGHT="62">
            <Shape><Polygon POINTS="725 118 713 118 700 118 688 118 675 118 663 118 650 117 638 117 625 117 612 117 600 117 587 117 575 117 562 116 554 116 550 116 537 116 525 116 512 116 500 116 487 115 475 115 462 115 450 115 437 115 431 115 425 115 412 115 400 113 391 113 387 113 375 113 362 113 361 113 350 113 337 113 325 113 253 113 251 112 250 112 237 111 225 111 212 111 200 111 187 111 175 111 162 111 150 110 137 110 125 110 112 110 110 110 86 110 77 120 75 151 73 157 190 165 191 165 192 165 203 161 212 157 222 161 235 166 236 166 237 166 260 162 277 158 409 158 437 166 454 168 455 168 472 166 509 161 526 167 534 170 535 170 536 170 559 168 619 162 628 170 629 170 629 171 630 171 631 171 633 172 731 172 733 163 731 118 725 118"/></Shape>
	    <String CONTENT="Car faictz nous a de grãdz proffeitz,"
                    HPOS="73"
                    VPOS="110"
                    WIDTH="660"
                    HEIGHT="62"></String>
          </TextLine>

          
          
          <TextLine ID="eSc_line_25ba5f1f"
                    TAGREFS="LT501"
                    BASELINE="75 198 678 202" 
                    HPOS="73"
                    VPOS="152"
                    WIDTH="605"
                    HEIGHT="63">
            <Shape><Polygon POINTS="636 160 624 158 611 157 601 157 597 161 595 165 529 165 515 160 501 156 500 156 499 156 497 156 487 160 476 163 441 158 414 155 412 155 377 157 317 162 286 156 275 153 273 153 241 155 127 161 75 152 75 198 73 205 157 205 160 205 180 212 181 212 182 212 230 206 240 205 246 206 273 213 275 213 276 213 277 213 295 206 297 206 386 206 390 207 397 213 399 213 400 213 401 215 446 215 446 213 447 213 457 208 462 206 505 206 506 208 512 213 512 215 514 215 515 215 516 215 544 208 552 207 560 210 577 215 579 215 580 215 676 210 678 202 676 163 641 160 636 160"/></Shape>
	    <String CONTENT="Des chantz deuotz par luy ie feiz."
                    HPOS="73"
                    VPOS="152"
                    WIDTH="605"
                    HEIGHT="63"></String>
          </TextLine>

          
          
          <TextLine ID="eSc_line_26c83fc4"
                    TAGREFS="LT501"
                    BASELINE="75 245 611 247" 
                    HPOS="73"
                    VPOS="200"
                    WIDTH="538"
                    HEIGHT="60">
            <Shape><Polygon POINTS="561 202 560 202 535 208 534 210 426 210 424 208 412 201 411 201 410 201 409 201 362 207 361 207 346 201 337 201 326 207 320 201 311 201 309 201 292 206 266 200 265 200 263 200 227 206 220 208 135 208 131 206 121 200 120 200 118 200 117 200 75 205 75 245 73 256 275 251 309 255 337 258 339 258 371 255 379 253 380 255 386 260 387 260 389 260 390 260 445 253 459 252 467 253 507 260 509 260 510 260 511 260 520 252 524 252 560 260 561 260 610 251 611 247 610 210 572 202 561 202"/></Shape>
	    <String CONTENT="Souuent tu le doibz proposer."
                    HPOS="73"
                    VPOS="200"
                    WIDTH="538"
                    HEIGHT="60"></String>
          </TextLine>

          
          
          <TextLine ID="eSc_line_491736c6"
                    TAGREFS="LT501"
                    BASELINE="76 290 730 297" 
                    HPOS="75"
                    VPOS="246"
                    WIDTH="655"
                    HEIGHT="65">
            <Shape><Polygon POINTS="726 257 695 250 694 250 590 255 570 248 569 248 567 248 566 248 565 248 565 250 559 256 557 257 530 257 529 255 522 250 522 248 521 248 520 248 519 248 484 255 481 255 480 255 461 247 460 247 459 247 427 253 422 255 419 253 402 248 401 248 400 248 327 252 305 253 301 252 292 246 288 246 282 246 263 252 260 253 230 253 228 251 222 246 213 246 212 246 202 251 198 252 127 252 125 250 121 246 113 246 101 246 98 246 76 248 76 290 75 298 183 297 198 301 218 306 220 306 221 306 222 306 237 301 243 298 246 301 251 305 251 306 252 306 253 306 307 307 309 307 341 301 351 300 357 301 372 307 374 307 375 307 376 307 394 301 395 301 396 301 402 307 402 308 404 308 405 308 406 308 407 308 431 302 435 301 445 302 511 310 512 310 514 310 539 302 540 302 584 302 585 302 592 310 594 310 595 310 596 310 597 310 615 302 621 310 623 310 623 311 624 311 625 311 626 311 628 311 641 303 653 311 654 311 655 311 656 311 729 302 730 297 730 272 726 257"/></Shape>
	    <String CONTENT="Quand testamentz ueulx composer."
                    HPOS="75"
                    VPOS="246"
                    WIDTH="655"
                    HEIGHT="65"></String>
          </TextLine>

          
          
          <TextLine ID="eSc_line_90cda62f"
                    TAGREFS="LT501"
                    BASELINE="73 335 621 341" 
                    HPOS="72"
                    VPOS="293"
                    WIDTH="549"
                    HEIGHT="62">
            <Shape><Polygon POINTS="73 335 72 343 83 350 85 350 86 350 87 350 168 343 180 351 181 351 182 351 183 352 256 352 256 351 257 351 258 351 258 350 265 345 283 345 288 351 290 351 290 352 291 352 292 352 293 352 400 346 512 355 514 355 620 347 621 341 621 302 611 297 610 297 609 297 607 297 559 303 550 297 549 297 547 297 546 297 545 297 522 303 521 303 515 303 422 296 421 296 376 301 370 296 370 295 369 295 367 295 366 295 326 301 322 301 317 301 251 293 250 293 73 297 73 335"/></Shape>
	    <String CONTENT="Annuaulx aussi commandras."
                    HPOS="72"
                    VPOS="293"
                    WIDTH="549"
                    HEIGHT="62"></String>
          </TextLine>

          
          
          <TextLine ID="eSc_line_7819cc0e"
                    TAGREFS="LT501"
                    BASELINE="73 384 545 386" 
                    HPOS="72"
                    VPOS="338"
                    WIDTH="473"
                    HEIGHT="62">
            <Shape><Polygon POINTS="424 340 411 340 402 340 401 340 400 340 399 340 399 341 392 347 390 348 300 348 296 345 288 338 287 338 286 338 235 338 233 338 232 338 221 343 216 347 211 343 205 338 203 338 202 338 201 338 200 338 190 343 181 347 73 342 73 384 72 387 137 396 138 396 140 396 156 390 202 390 205 390 218 397 220 397 221 399 271 399 271 397 272 397 273 397 273 396 280 391 281 391 317 399 319 400 431 400 431 399 432 399 434 399 440 394 445 391 450 394 457 397 459 397 460 397 461 397 469 395 475 391 482 395 491 399 492 399 494 399 495 399 496 399 501 395 505 392 542 395 545 386 544 350 474 350 469 348 432 340 424 340"/></Shape>
	    <String CONTENT="Par ainsi fort proffiteras."
                    HPOS="72"
                    VPOS="338"
                    WIDTH="473"
                    HEIGHT="62"></String>
          </TextLine>

          
          
          <TextLine ID="eSc_line_d3f5ce2e"
                    TAGREFS="LT501"
                    BASELINE="76 430 733 437" 
                    HPOS="75"
                    VPOS="385"
                    WIDTH="658"
                    HEIGHT="69">
            <Shape><Polygon POINTS="726 406 714 397 701 395 694 392 658 397 624 387 623 387 621 387 572 395 564 387 562 387 561 387 560 387 519 397 516 397 514 397 474 386 472 386 471 386 430 396 427 396 425 396 376 387 375 387 374 387 372 387 362 395 252 395 252 394 243 386 243 385 242 385 241 385 238 385 226 385 213 385 201 385 188 385 176 385 173 385 151 392 147 392 127 392 120 385 113 385 105 385 76 391 76 430 75 439 86 445 87 445 88 445 90 445 103 439 196 439 197 440 213 449 215 449 216 449 272 441 287 440 306 442 340 446 341 446 342 446 354 442 362 441 372 444 402 451 404 451 405 452 512 452 512 451 514 451 525 446 532 444 591 444 605 447 621 454 623 454 624 454 654 449 673 446 678 450 681 452 683 452 684 452 685 452 731 450 733 437 729 415 726 406"/></Shape>
	    <String CONTENT="Des uifz ⁊ mortz prẽdras tousiours."
                    HPOS="75"
                    VPOS="385"
                    WIDTH="658"
                    HEIGHT="69"></String>
          </TextLine>

          
          
          <TextLine ID="eSc_line_50e44566"
                    TAGREFS="LT501"
                    BASELINE="73 480 432 477" 
                    HPOS="72"
                    VPOS="432"
                    WIDTH="360"
                    HEIGHT="60">
            <Shape><Polygon POINTS="335 434 322 434 310 434 306 434 300 440 300 441 272 441 272 440 263 432 262 432 261 432 260 432 258 432 257 432 247 440 245 442 220 442 217 440 207 432 206 432 205 432 203 432 202 432 180 440 175 441 170 440 150 432 148 432 147 432 72 439 73 480 73 492 432 487 432 477 430 441 361 441 361 440 341 434 335 434"/></Shape>
	    <String CONTENT="Quen dictes uous?"
                    HPOS="72"
                    VPOS="432"
                    WIDTH="360"
                    HEIGHT="60"></String>
          </TextLine>

          
          
          <TextLine ID="eSc_line_cafc06bd"
                    TAGREFS="LT502"
                    BASELINE="300 525 482 527" 
                    HPOS="298"
                    VPOS="480"
                    WIDTH="184"
                    HEIGHT="62">
            <Shape><Polygon POINTS="298 535 367 532 480 542 482 527 482 490 454 481 452 481 451 481 450 481 421 490 419 490 410 482 409 482 407 482 406 482 405 482 404 482 394 489 391 490 384 489 337 480 336 480 300 486 300 525"/></Shape>
	    <String CONTENT="Simonie."
                    HPOS="298"
                    VPOS="480"
                    WIDTH="184"
                    HEIGHT="62"></String>
          </TextLine>

          
          
          <TextLine ID="eSc_line_d74b01c7"
                    TAGREFS="LT501"
                    BASELINE="76 577 185 571 441 571" 
                    HPOS="75"
                    VPOS="522"
                    WIDTH="366"
                    HEIGHT="64">
            <Shape><Polygon POINTS="337 526 327 526 312 531 288 522 287 522 270 522 268 522 267 522 266 522 256 531 252 534 238 531 225 529 223 529 222 529 213 531 200 535 195 531 188 525 188 524 187 524 186 524 185 524 158 525 157 525 156 525 150 530 143 535 133 530 118 524 117 524 116 524 75 529 76 577 77 586 101 580 238 585 240 585 241 585 242 585 251 579 439 584 441 571 439 534 350 534 346 532 339 526 337 526"/></Shape>
	    <String CONTENT="Ien feray les tours."
                    HPOS="75"
                    VPOS="522"
                    WIDTH="366"
                    HEIGHT="64"></String>
          </TextLine>

          
          
          <TextLine ID="eSc_line_f20ef43d"
                    TAGREFS="LT501"
                    BASELINE="71 616 618 621" 
                    HPOS="70"
                    VPOS="574"
                    WIDTH="548"
                    HEIGHT="63">
            <Shape><Polygon POINTS="596 592 584 589 571 585 559 582 546 579 541 576 479 582 442 575 441 575 362 582 361 582 360 582 315 575 314 575 280 581 267 574 266 574 265 574 263 574 228 581 175 574 173 574 137 580 121 575 121 575 108 576 96 577 87 577 71 580 71 616 70 621 148 632 150 632 183 625 186 625 195 625 273 632 275 632 276 632 277 632 282 627 287 625 329 625 354 630 381 635 382 635 384 635 399 631 415 626 436 632 439 632 440 632 441 632 446 632 479 626 497 634 504 636 505 636 506 637 616 637 618 621 600 592 596 592"/></Shape>
	    <String CONTENT="Et quand aucun riche mourra."
                    HPOS="70"
                    VPOS="574"
                    WIDTH="548"
                    HEIGHT="63"></String>
          </TextLine>

          
          
          <TextLine ID="eSc_line_ebe7b4a8"
                    TAGREFS="LT501"
                    BASELINE="71 665 549 665" 
                    HPOS="71"
                    VPOS="619"
                    WIDTH="478"
                    HEIGHT="58">
            <Shape><Polygon POINTS="496 621 484 621 471 620 459 620 457 620 444 631 376 631 356 620 346 620 344 619 344 620 298 629 241 619 235 619 233 619 232 619 231 619 216 630 180 622 178 622 177 622 161 630 137 619 136 619 71 619 71 665 71 677 549 677 549 665 546 621 524 630 501 621 496 621"/></Shape>
	    <String CONTENT="Bien ⁊ cher on luy uendra"
                    HPOS="71"
                    VPOS="619"
                    WIDTH="478"
                    HEIGHT="58"></String>
          </TextLine>

          
          
          <TextLine ID="eSc_line_4da980fc"
                    TAGREFS="LT501"
                    BASELINE="72 712 572 710" 
                    HPOS="71"
                    VPOS="666"
                    WIDTH="501"
                    HEIGHT="59">
            <Shape><Polygon POINTS="391 666 390 666 389 666 369 674 361 667 361 666 360 666 359 666 346 666 334 666 321 666 320 666 319 666 295 675 292 675 287 675 241 667 240 667 190 674 155 667 153 667 152 667 130 675 127 675 125 675 86 667 85 667 83 667 71 672 72 712 72 725 571 720 572 710 570 675 424 675 392 666 391 666"/></Shape>
	    <String CONTENT="Le cimetiere. Et chanterons"
                    HPOS="71"
                    VPOS="666"
                    WIDTH="501"
                    HEIGHT="59"></String>
          </TextLine>

          
          
          <TextLine ID="eSc_line_fb96fd2d"
                    TAGREFS="LT501"
                    BASELINE="71 758 684 760" 
                    HPOS="70"
                    VPOS="714"
                    WIDTH="614"
                    HEIGHT="60">
            <Shape><Polygon POINTS="659 727 646 724 639 720 540 715 539 715 537 715 525 721 524 722 441 722 439 721 427 715 426 715 425 715 389 721 382 721 380 721 361 714 360 714 359 714 357 714 337 720 322 714 321 714 320 714 287 720 286 720 285 720 246 714 245 714 71 719 71 758 70 769 177 765 273 771 278 771 280 771 281 771 312 765 320 771 321 771 322 771 324 771 326 771 394 766 411 773 414 773 415 773 416 773 417 773 419 773 432 766 437 771 437 773 439 773 440 773 441 774 514 774 514 773 516 773 544 766 569 773 570 773 571 773 572 773 574 773 574 771 580 766 619 766 681 773 684 760 668 731 659 727"/></Shape>
	    <String CONTENT="Le plus haultement que pourrons."
                    HPOS="70"
                    VPOS="714"
                    WIDTH="614"
                    HEIGHT="60"></String>
          </TextLine>

          
          
          <TextLine ID="eSc_line_a4c4e340"
                    TAGREFS="LT501"
                    BASELINE="72 804 625 806" 
                    HPOS="71"
                    VPOS="759"
                    WIDTH="554"
                    HEIGHT="54">
            <Shape><Polygon POINTS="602 760 601 760 570 766 536 760 535 760 505 766 504 766 500 766 401 760 400 760 282 765 281 765 275 760 275 759 273 759 272 759 271 759 270 759 252 765 242 759 241 759 240 759 238 759 237 759 221 765 220 765 213 765 112 759 111 759 72 764 72 804 71 813 624 813 625 806 625 768 604 760 602 760"/></Shape>
	    <String CONTENT="Querir le irons pompensemẽt,"
                    HPOS="71"
                    VPOS="759"
                    WIDTH="554"
                    HEIGHT="54"></String>
          </TextLine>

          
          
          <TextLine ID="eSc_line_0fb982a1"
                    TAGREFS="LT501"
                    BASELINE="71 848 634 853" 
                    HPOS="70"
                    VPOS="805"
                    WIDTH="564"
                    HEIGHT="63">
            <Shape><Polygon POINTS="157 805 156 805 155 805 153 805 143 809 128 813 71 809 71 848 70 861 172 856 181 864 182 864 183 864 185 864 187 864 291 858 298 864 298 865 300 865 301 865 302 865 306 865 389 859 419 866 420 866 421 866 422 866 424 866 441 859 486 866 492 868 494 868 499 868 529 861 631 868 634 853 631 809 601 818 494 818 461 809 460 809 459 809 457 809 436 815 427 809 427 808 426 808 425 808 389 808 387 808 386 808 385 808 385 809 377 815 360 809 354 806 352 806 351 806 350 806 344 809 325 815 280 815 271 809 268 806 267 806 266 806 265 806 263 806 257 809 241 814 170 814 162 809 158 805 157 805"/></Shape>
	    <String CONTENT="Puis que bon sera le payement."
                    HPOS="70"
                    VPOS="805"
                    WIDTH="564"
                    HEIGHT="63"></String>
          </TextLine>

          
          
          <TextLine ID="eSc_line_4b82b2a0"
                    TAGREFS="LT501"
                    BASELINE="71 895 555 898" 
                    HPOS="70"
                    VPOS="850"
                    WIDTH="485"
                    HEIGHT="61">
            <Shape><Polygon POINTS="447 851 446 851 445 851 444 851 417 859 355 851 354 851 352 851 351 851 339 860 327 853 326 853 325 853 324 853 322 853 303 859 287 850 286 850 285 850 283 850 257 856 247 850 246 850 245 850 243 850 242 850 241 850 230 859 230 860 188 860 187 859 167 850 166 850 165 850 163 850 137 859 135 859 133 859 101 850 100 850 98 850 97 850 71 858 71 895 70 908 103 903 130 910 132 910 133 910 135 910 136 910 137 910 158 903 223 903 243 910 245 910 312 911 314 911 341 911 516 904 552 911 555 898 554 861 487 861 486 860 476 854 475 854 474 854 472 854 471 854 457 860 449 853 449 851 447 851"/></Shape>
	    <String CONTENT="Le plus riche poille il aura,"
                    HPOS="70"
                    VPOS="850"
                    WIDTH="485"
                    HEIGHT="61"></String>
          </TextLine>

          
          
          <TextLine ID="eSc_line_63b2b7b2"
                    TAGREFS="LT501"
                    BASELINE="72 943 545 945" 
                    HPOS="71"
                    VPOS="896"
                    WIDTH="474"
                    HEIGHT="62">
            <Shape><Polygon POINTS="485 898 472 898 460 898 447 898 435 898 422 898 410 898 397 898 385 898 380 898 370 906 369 908 310 908 303 906 243 896 235 896 230 896 192 905 191 906 132 906 131 905 101 896 97 896 90 896 72 904 72 943 71 950 221 956 222 956 245 954 271 950 291 954 309 958 310 958 372 955 481 951 542 958 545 945 544 908 501 908 501 906 489 898 485 898"/></Shape>
	    <String CONTENT="Lugentibus, grand libera,"
                    HPOS="71"
                    VPOS="896"
                    WIDTH="474"
                    HEIGHT="62"></String>
          </TextLine>

          
          
          <TextLine ID="eSc_line_d41d61e6"
                    TAGREFS="LT501"
                    BASELINE="72 988 535 993" 
                    HPOS="71"
                    VPOS="944"
                    WIDTH="464"
                    HEIGHT="60">
            <Shape><Polygon POINTS="283 944 282 944 258 948 245 950 72 945 72 988 71 993 116 1000 117 1000 160 995 166 995 170 995 192 1001 193 1001 195 1001 263 998 298 996 309 999 320 1003 321 1003 322 1003 355 1000 387 998 532 1004 535 993 534 954 496 946 495 946 364 950 307 951 298 949 285 944 283 944"/></Shape>
	    <String CONTENT="Des reuestieres, diuersitez,"
                    HPOS="71"
                    VPOS="944"
                    WIDTH="464"
                    HEIGHT="60"></String>
          </TextLine>

          
          
          <TextLine ID="eSc_line_505a2cd2"
                    TAGREFS="LT501"
                    BASELINE="71 1035 618 1039" 
                    HPOS="70"
                    VPOS="988"
                    WIDTH="548"
                    HEIGHT="62">
            <Shape><Polygon POINTS="609 999 599 994 467 999 446 993 446 993 434 993 421 993 419 991 401 999 374 999 366 991 359 991 350 991 300 998 292 991 292 990 291 990 290 990 288 990 287 990 286 990 286 991 278 999 253 999 235 990 233 990 221 990 181 996 157 989 146 989 135 996 86 989 83 989 71 988 71 1035 70 1044 615 1050 618 1039 610 1000 609 999"/></Shape>
	    <String CONTENT="De luminaire, grand quantite."
                    HPOS="70"
                    VPOS="988"
                    WIDTH="548"
                    HEIGHT="62"></String>
          </TextLine>

          
          
          <TextLine ID="eSc_line_beb46415"
                    TAGREFS="LT501"
                    BASELINE="71 1081 615 1084" 
                    HPOS="70"
                    VPOS="1044"
                    WIDTH="545"
                    HEIGHT="52">
            <Shape><Polygon POINTS="71 1081 70 1091 265 1095 266 1095 278 1094 320 1089 411 1095 436 1096 437 1096 439 1096 440 1096 441 1095 450 1090 532 1090 612 1096 615 1084 614 1046 71 1044 71 1081"/></Shape>
	    <String CONTENT="Les grosses cloches sonneront,"
                    HPOS="70"
                    VPOS="1044"
                    WIDTH="545"
                    HEIGHT="52"></String>
          </TextLine>

          
          
          <TextLine ID="eSc_line_5d4733fb"
                    TAGREFS="LT501"
                    BASELINE="71 1128 694 1133" 
                    HPOS="70"
                    VPOS="1084"
                    WIDTH="624"
                    HEIGHT="60">
            <Shape><Polygon POINTS="71 1128 70 1135 691 1144 694 1133 684 1095 656 1089 655 1089 654 1089 600 1095 586 1096 576 1095 537 1086 536 1086 535 1086 520 1093 459 1086 457 1086 456 1086 455 1086 455 1088 450 1091 446 1096 412 1096 405 1091 401 1088 400 1088 399 1088 397 1088 396 1088 395 1088 391 1090 382 1095 347 1089 320 1085 319 1085 297 1089 265 1094 217 1094 210 1086 208 1085 207 1085 206 1085 205 1085 198 1086 170 1093 71 1084 71 1128"/></Shape>
	    <String CONTENT="Dont nous rirons, ⁊ ilz plourront."
                    HPOS="70"
                    VPOS="1084"
                    WIDTH="624"
                    HEIGHT="60"></String>
          </TextLine>

          
          
          <TextLine ID="eSc_line_16db82f2"
                    TAGREFS="LT501"
                    BASELINE="71 1173 686 1180" 
                    HPOS="70"
                    VPOS="1129"
                    WIDTH="616"
                    HEIGHT="61">
            <Shape><Polygon POINTS="574 1133 572 1133 571 1133 516 1138 486 1140 477 1137 466 1132 459 1132 446 1132 434 1132 421 1132 409 1132 401 1134 389 1139 359 1134 340 1130 334 1130 327 1130 321 1133 307 1138 192 1138 177 1129 171 1129 158 1129 146 1129 133 1129 121 1129 108 1129 96 1129 83 1129 71 1129 71 1173 70 1179 276 1189 277 1189 309 1183 314 1183 325 1183 404 1190 405 1190 437 1185 445 1184 450 1185 466 1190 467 1190 469 1190 685 1188 686 1180 685 1143 620 1143 616 1140 607 1134 606 1134 605 1134 604 1134 602 1134 582 1139 575 1133 574 1133"/></Shape>
	    <String CONTENT="Tout ce grand proffit nous donra."
                    HPOS="70"
                    VPOS="1129"
                    WIDTH="616"
                    HEIGHT="61"></String>
          </TextLine>

          
          
          <TextLine ID="eSc_line_b12cc801"
                    TAGREFS="LT501"
                    BASELINE="68 1218 620 1225" 
                    HPOS="67"
                    VPOS="1177"
                    WIDTH="553"
                    HEIGHT="57">
            <Shape><Polygon POINTS="68 1218 67 1228 618 1234 620 1225 619 1189 459 1180 457 1180 416 1185 414 1185 412 1185 405 1179 404 1179 402 1179 401 1179 359 1184 349 1185 344 1184 327 1178 326 1178 325 1178 295 1183 290 1184 285 1183 267 1178 266 1178 265 1178 263 1178 262 1178 256 1183 255 1183 251 1178 250 1178 250 1177 248 1177 247 1177 246 1177 245 1177 226 1183 222 1183 68 1180 68 1218"/></Shape>
	    <String CONTENT="Et quand petit peuple mourra,"
                    HPOS="67"
                    VPOS="1177"
                    WIDTH="553"
                    HEIGHT="57"></String>
          </TextLine>

          
          
          <TextLine ID="eSc_line_cb69d49b"
                    TAGREFS="LT501"
                    BASELINE="70 1272 669 1272" 
                    HPOS="70"
                    VPOS="1223"
                    WIDTH="599"
                    HEIGHT="70">
            <Shape><Polygon POINTS="520 1224 519 1224 511 1230 507 1234 450 1234 442 1229 436 1225 435 1225 434 1225 432 1225 431 1225 424 1229 416 1233 404 1229 387 1223 386 1223 385 1223 384 1223 371 1228 357 1233 336 1228 319 1223 317 1223 316 1223 315 1223 314 1223 309 1227 301 1233 281 1227 277 1225 276 1225 275 1225 273 1225 271 1227 250 1233 242 1225 240 1224 240 1223 238 1223 237 1223 236 1223 235 1223 228 1225 210 1232 188 1224 183 1223 182 1223 181 1223 180 1223 177 1224 162 1233 148 1224 148 1223 147 1223 146 1223 70 1223 70 1272 70 1283 162 1280 168 1283 187 1292 188 1292 190 1292 191 1292 225 1283 237 1280 250 1283 288 1292 290 1292 291 1292 292 1292 302 1283 305 1280 307 1283 321 1292 322 1292 324 1292 325 1293 434 1293 434 1292 435 1292 436 1292 450 1283 455 1280 500 1280 510 1283 550 1292 551 1292 552 1292 554 1292 565 1282 569 1280 585 1280 589 1282 600 1292 601 1292 602 1292 604 1292 605 1292 606 1292 616 1284 639 1292 640 1292 641 1292 643 1292 669 1282 669 1272 669 1234 539 1233 536 1232 525 1224 520 1224"/></Shape>
	    <String CONTENT="Sil nha dequoy pour nous payer,"
                    HPOS="70"
                    VPOS="1223"
                    WIDTH="599"
                    HEIGHT="70"></String>
          </TextLine>

          
        </TextBlock>
        
        <TextBlock HPOS="437"
                   VPOS="1280"
                   WIDTH="304"
                   HEIGHT="57"
                   ID="eSc_textblock_776bf666"
                   TAGREFS="BT1370">
          <Shape><Polygon POINTS="741 1333 741 1280 451 1280 437 1337"/></Shape>
          
          
          <TextLine ID="eSc_line_f304c316"
                    TAGREFS="LT501"
                    BASELINE="459 1322 725 1319" 
                    HPOS="457"
                    VPOS="1272"
                    WIDTH="268"
                    HEIGHT="68">
            <Shape><Polygon POINTS="570 1273 559 1273 556 1275 546 1284 510 1284 497 1274 496 1273 495 1273 482 1273 470 1273 457 1273 459 1322 459 1337 546 1330 566 1338 571 1340 572 1340 574 1340 575 1340 581 1338 599 1332 605 1337 605 1338 606 1338 607 1338 609 1338 666 1332 678 1339 679 1339 680 1339 681 1340 724 1340 725 1319 724 1282 704 1272 703 1272 701 1272 636 1278 605 1282 585 1277 570 1273 570 1273"/></Shape>
	    <String CONTENT="D Demãde"
                    HPOS="457"
                    VPOS="1272"
                    WIDTH="268"
                    HEIGHT="68"></String>
          </TextLine>

          
        </TextBlock>
        

        
      </PrintSpace>
    </Page>
  </Layout>
</alto>
