927 1501
192 110 614 61 Daucuns les ferons pour chasser.

193 155 636 61 Sen aurons ce que nous pourrons.

193 200 571 62 Ainsi pour ncant tiens ne ferõs.

196 246 508 64 Si a loffrande tiens en main

200 291 509 66 Ta platine, on toffrira pain,

198 343 535 54 Uin, cire, argent. Et le dedans

198 386 607 65 Baiseront prestres, ⁊ nobles gens,

202 429 599 71 Desquelz aussi touchras les yeulx

201 477 554 64 Et pour cela toffriront mieulx.

202 526 487 64 Le peuple baisera le dehors,

203 571 452 59 Et crieras, Soyez recordz

205 616 653 69 De uoz nataulz hões, Sus femmes?

207 667 553 63 Offrez a Dieu ⁊ corps ⁊ ames

206 710 514 66 A ce bon iour. Nul ne delaisse.

430 759 184 52 Ministre.

213 805 512 65 Ie uous iure la saincte messe

208 850 558 70 Par le Dieu quay faict ⁊ forme

210 899 494 62 Et quen la boitte iay ferme.

213 944 493 67 Ou toute ma foy est enclose

213 988 578 65 Qua d austre iamais ne mexpose

213 1038 546 63 Qua uous seruir en diligence.

213 1085 612 63 Mais quand a aucun bien ie pense.

213 1133 598 60 Comment pourray ie a luy parler?

215 1178 424 60 Uerite me fault simuler

217 1220 511 73 Disant que ie la ueulx tenir.

741 1267 129 62 Autre¬
