<?xml version="1.0" encoding="UTF-8"?>
<alto xmlns:xsi="http://www.w3.org/2001/XMLSchema-instance"
      xmlns="http://www.loc.gov/standards/alto/ns-v4#"
      xsi:schemaLocation="http://www.loc.gov/standards/alto/ns-v4# http://www.loc.gov/standards/alto/v4/alto-4-2.xsd">
  <Description>
    <MeasurementUnit>pixel</MeasurementUnit>
    <sourceImageInformation>
      <fileName>61_10fad_default.jpg</fileName>
      <fileIdentifier>https://www.e-rara.ch/i3f/v20/4519079/full/full/0/default.jpg</fileIdentifier>
    </sourceImageInformation>
  </Description>
  
  <Tags>
    <OtherTag ID="BT1367" LABEL="TitlePageZone" DESCRIPTION="block type TitlePageZone"/><OtherTag ID="BT1368" LABEL="MainZone" DESCRIPTION="block type MainZone"/><OtherTag ID="BT1369" LABEL="MarginTextZone" DESCRIPTION="block type MarginTextZone"/><OtherTag ID="BT1370" LABEL="QuireMarksZone" DESCRIPTION="block type QuireMarksZone"/><OtherTag ID="BT1371" LABEL="GraphicZone" DESCRIPTION="block type GraphicZone"/><OtherTag ID="BT1372" LABEL="StampZone" DESCRIPTION="block type StampZone"/><OtherTag ID="BT1373" LABEL="DamageZone" DESCRIPTION="block type DamageZone"/><OtherTag ID="BT1374" LABEL="MarginTextZone:handwrittenAddition" DESCRIPTION="block type MarginTextZone:handwrittenAddition"/><OtherTag ID="BT1375" LABEL="NumberingZone" DESCRIPTION="block type NumberingZone"/><OtherTag ID="BT1376" LABEL="DropCapitalZone" DESCRIPTION="block type DropCapitalZone"/>
    <OtherTag ID="LT501" LABEL="DefaultLine" DESCRIPTION="line type DefaultLine"/><OtherTag ID="LT502" LABEL="HeadingLine" DESCRIPTION="line type HeadingLine"/><OtherTag ID="LT503" LABEL="DropCapitalLine" DESCRIPTION="line type DropCapitalLine"/>
  </Tags>
  
  <Layout>
    <Page WIDTH="927"
          HEIGHT="1501"
          PHYSICAL_IMG_NR="61"
          ID="eSc_dummypage_">
      <PrintSpace HPOS="0"
                  VPOS="0"
                  WIDTH="927"
                  HEIGHT="1501">
        
        <TextBlock HPOS="129"
                   VPOS="76"
                   WIDTH="639"
                   HEIGHT="1194"
                   ID="eSc_textblock_e6243235"
                   TAGREFS="BT1368">
          <Shape><Polygon POINTS="129 76 129 1270 670 1260 768 1243 768 76"/></Shape>
          
          
          <TextLine ID="eSc_line_6d166cf0"
                    TAGREFS="LT501"
                    BASELINE="156 132 210 126 372 123 731 127" 
                    HPOS="155"
                    VPOS="78"
                    WIDTH="576"
                    HEIGHT="65">
            <Shape><Polygon POINTS="730 88 720 80 156 78 156 132 155 140 203 132 228 141 230 141 231 141 297 132 310 141 311 141 312 141 314 141 351 132 375 141 376 141 377 142 424 142 424 141 425 141 426 141 436 133 506 142 510 142 511 142 512 142 525 136 565 141 566 141 567 141 569 141 579 133 624 133 631 140 631 141 633 141 634 141 635 141 636 141 638 141 646 135 665 142 666 142 668 143 730 143 731 127 730 88 730 88"/></Shape>
	    <String CONTENT="Ie my en uoys, neh parles plus,"
                    HPOS="155"
                    VPOS="78"
                    WIDTH="576"
                    HEIGHT="65"></String>
          </TextLine>

          
          
          <TextLine ID="eSc_line_38feea62"
                    TAGREFS="LT501"
                    BASELINE="150 173 678 171" 
                    HPOS="148"
                    VPOS="126"
                    WIDTH="530"
                    HEIGHT="61">
            <Shape><Polygon POINTS="649 127 640 127 635 132 582 126 581 126 484 133 471 126 470 126 469 126 415 126 414 126 412 126 411 126 411 127 401 135 286 127 285 127 283 127 282 127 271 136 217 136 187 128 186 130 173 131 161 132 160 131 148 136 150 173 150 181 287 186 288 186 290 186 303 180 306 180 309 180 330 186 331 186 332 186 334 186 351 180 357 185 357 186 359 186 360 186 361 187 412 187 412 186 414 186 429 178 430 178 527 178 529 178 644 185 645 185 646 185 678 176 678 171 676 135 651 127 649 127"/></Shape>
	    <String CONTENT="Et me suyuez. Plus empesche"
                    HPOS="148"
                    VPOS="126"
                    WIDTH="530"
                    HEIGHT="61"></String>
          </TextLine>

          
          
          <TextLine ID="eSc_line_14081f9c"
                    TAGREFS="LT501"
                    BASELINE="151 220 661 216" 
                    HPOS="150"
                    VPOS="173"
                    WIDTH="511"
                    HEIGHT="59">
            <Shape><Polygon POINTS="156 173 155 173 153 173 153 175 150 177 151 220 151 225 203 232 205 232 237 226 238 226 253 232 255 232 256 232 257 232 280 226 282 226 286 226 331 231 332 231 334 231 335 231 341 226 344 225 364 226 415 231 416 231 441 227 455 225 469 227 487 230 489 230 490 230 491 230 494 227 499 223 660 227 661 216 659 177 157 173 156 173"/></Shape>
	    <String CONTENT="Ne fuz iamais pour au peche"
                    HPOS="150"
                    VPOS="173"
                    WIDTH="511"
                    HEIGHT="59"></String>
          </TextLine>

          
          
          <TextLine ID="eSc_line_282defc7"
                    TAGREFS="LT501"
                    BASELINE="153 267 645 265" 
                    HPOS="152"
                    VPOS="217"
                    WIDTH="493"
                    HEIGHT="58">
            <Shape><Polygon POINTS="502 217 457 223 447 218 440 218 437 218 425 223 404 218 402 218 390 218 387 218 347 225 208 220 202 220 190 220 177 220 168 220 152 226 153 267 153 275 644 272 645 265 643 225 504 217 502 217"/></Shape>
	    <String CONTENT="Ordonner digne penitence,"
                    HPOS="152"
                    VPOS="217"
                    WIDTH="493"
                    HEIGHT="58"></String>
          </TextLine>

          
          
          <TextLine ID="eSc_line_cf0e8a19"
                    TAGREFS="LT501"
                    BASELINE="151 313 716 310" 
                    HPOS="150"
                    VPOS="265"
                    WIDTH="566"
                    HEIGHT="57">
            <Shape><Polygon POINTS="713 276 700 270 688 265 596 271 551 266 550 266 537 266 535 266 517 272 397 266 387 267 375 267 366 267 226 273 173 267 172 267 171 267 150 275 151 313 151 322 341 316 714 320 716 310 715 277 713 276"/></Shape>
	    <String CONTENT="Ou coniurer leaue au dimenche."
                    HPOS="150"
                    VPOS="265"
                    WIDTH="566"
                    HEIGHT="57"></String>
          </TextLine>

          
          
          <TextLine ID="eSc_line_5eb7465e"
                    TAGREFS="LT501"
                    BASELINE="150 358 691 356" 
                    HPOS="148"
                    VPOS="311"
                    WIDTH="543"
                    HEIGHT="59">
            <Shape><Polygon POINTS="686 311 674 311 661 311 649 311 636 311 624 311 611 311 599 311 586 311 574 311 561 311 551 311 534 311 524 312 511 312 499 312 486 312 474 312 461 312 449 312 436 312 424 312 416 312 341 312 336 313 324 313 311 313 298 313 286 313 281 313 148 313 150 358 150 365 510 368 511 368 512 368 515 368 536 362 562 368 566 368 567 368 569 368 570 368 587 362 595 368 596 368 597 368 599 370 690 370 691 356 688 311 686 311"/></Shape>
	    <String CONTENT="Mieulx chanteroye par b. mol,"
                    HPOS="148"
                    VPOS="311"
                    WIDTH="543"
                    HEIGHT="59"></String>
          </TextLine>

          
          
          <TextLine ID="eSc_line_5d21a6ab"
                    TAGREFS="LT501"
                    BASELINE="152 406 758 402" 
                    HPOS="151"
                    VPOS="355"
                    WIDTH="607"
                    HEIGHT="60">
            <Shape><Polygon POINTS="751 355 733 362 679 357 676 357 664 357 651 357 639 357 638 357 633 361 621 357 614 357 601 357 589 357 576 357 564 357 551 357 539 357 526 357 514 357 512 357 510 360 505 363 437 361 372 358 364 358 351 358 339 358 335 358 327 363 324 366 276 366 275 365 268 358 263 358 258 358 247 363 240 358 238 358 228 358 205 365 180 358 176 358 168 358 151 366 152 406 152 415 756 412 758 402 753 355 751 355"/></Shape>
	    <String CONTENT="Que de respondre a son sainct Pol"
                    HPOS="151"
                    VPOS="355"
                    WIDTH="607"
                    HEIGHT="60"></String>
          </TextLine>

          
          
          <TextLine ID="eSc_line_e8121b47"
                    TAGREFS="LT501"
                    BASELINE="151 452 628 450" 
                    HPOS="150"
                    VPOS="405"
                    WIDTH="478"
                    HEIGHT="56">
            <Shape><Polygon POINTS="537 405 525 405 522 405 510 410 509 410 494 405 487 405 482 405 475 410 474 410 414 410 407 410 401 405 400 405 387 405 375 405 362 405 356 405 352 409 350 411 336 409 319 406 312 406 300 406 287 406 275 406 262 406 250 406 237 406 225 406 223 406 150 407 151 452 151 461 628 461 628 450 625 411 546 411 545 410 537 405 537 405"/></Shape>
	    <String CONTENT="Dindissolubles questions."
                    HPOS="150"
                    VPOS="405"
                    WIDTH="478"
                    HEIGHT="56"></String>
          </TextLine>

          
          
          <TextLine ID="eSc_line_8d42050e"
                    TAGREFS="LT501"
                    BASELINE="148 500 614 500" 
                    HPOS="148"
                    VPOS="451"
                    WIDTH="466"
                    HEIGHT="59">
            <Shape><Polygon POINTS="576 451 575 451 574 451 574 452 567 457 530 451 524 451 516 451 492 457 482 451 474 451 470 451 437 457 430 451 429 451 427 451 424 451 411 451 399 451 386 452 374 452 361 452 349 452 336 452 331 452 316 459 248 459 236 452 236 452 223 452 221 452 206 457 191 452 186 452 173 452 170 452 148 457 148 500 148 510 614 507 614 500 614 459 577 451 576 451"/></Shape>
	    <String CONTENT="Mais par dissimulations,"
                    HPOS="148"
                    VPOS="451"
                    WIDTH="466"
                    HEIGHT="59"></String>
          </TextLine>

          
          
          <TextLine ID="eSc_line_a8a6915b"
                    TAGREFS="LT501"
                    BASELINE="152 544 566 544" 
                    HPOS="152"
                    VPOS="501"
                    WIDTH="414"
                    HEIGHT="55">
            <Shape><Polygon POINTS="565 501 552 501 540 501 527 501 515 501 502 501 490 501 477 501 465 501 461 501 152 504 152 544 153 556 180 550 195 556 196 556 197 556 198 556 200 556 210 550 266 555 280 556 281 556 291 555 322 550 352 554 369 556 370 556 371 556 380 554 395 550 399 554 401 555 401 556 402 556 404 556 405 556 566 551 566 544 565 501 565 501"/></Shape>
	    <String CONTENT="Finement lay effascine."
                    HPOS="152"
                    VPOS="501"
                    WIDTH="414"
                    HEIGHT="55"></String>
          </TextLine>

          
          
          <TextLine ID="eSc_line_bc207e9f"
                    TAGREFS="LT501"
                    BASELINE="147 590 624 587" 
                    HPOS="146"
                    VPOS="545"
                    WIDTH="478"
                    HEIGHT="52">
            <Shape><Polygon POINTS="534 545 521 545 509 545 496 545 484 545 481 545 470 549 460 545 459 545 446 545 439 545 420 549 415 545 409 545 397 545 380 550 376 550 357 550 256 545 246 545 233 545 225 545 213 550 178 545 171 545 162 545 146 549 147 590 147 596 621 597 624 587 621 549 542 545 534 545"/></Shape>
	    <String CONTENT="Ma dame aucun iay affine"
                    HPOS="146"
                    VPOS="545"
                    WIDTH="478"
                    HEIGHT="52"></String>
          </TextLine>

          
          
          <TextLine ID="eSc_line_f81e4746"
                    TAGREFS="LT501"
                    BASELINE="147 639 661 636" 
                    HPOS="146"
                    VPOS="589"
                    WIDTH="515"
                    HEIGHT="61">
            <Shape><Polygon POINTS="650 599 541 599 539 596 534 591 532 591 531 591 530 591 502 595 490 597 487 595 481 590 481 589 480 589 479 589 471 589 459 589 457 589 456 589 455 589 436 595 425 597 411 594 395 590 394 590 392 590 372 594 354 596 326 592 305 590 303 590 302 590 301 590 301 591 300 592 293 597 253 591 241 590 240 590 238 590 237 590 236 591 226 597 210 590 208 590 207 590 206 590 205 590 203 590 202 590 202 591 192 599 146 590 147 639 148 650 168 644 660 644 661 636 656 609 650 599"/></Shape>
	    <String CONTENT="Cela me faict tant demourer."
                    HPOS="146"
                    VPOS="589"
                    WIDTH="515"
                    HEIGHT="61"></String>
          </TextLine>

          
          
          <TextLine ID="eSc_line_b7679cb2"
                    TAGREFS="LT501"
                    BASELINE="150 684 730 686" 
                    HPOS="148"
                    VPOS="637"
                    WIDTH="582"
                    HEIGHT="58">
            <Shape><Polygon POINTS="725 650 713 645 710 644 531 637 525 637 512 637 500 637 487 637 475 637 462 637 452 637 422 644 404 637 400 639 387 639 381 639 371 645 335 645 272 639 262 639 250 639 237 639 225 639 212 639 205 639 160 644 151 671 150 684 148 692 728 695 730 686 729 651 725 650"/></Shape>
	    <String CONTENT="Tousiours me parle de labourer,"
                    HPOS="148"
                    VPOS="637"
                    WIDTH="582"
                    HEIGHT="58"></String>
          </TextLine>

          
          
          <TextLine ID="eSc_line_3f2453d1"
                    TAGREFS="LT501"
                    BASELINE="147 731 575 727" 
                    HPOS="146"
                    VPOS="685"
                    WIDTH="429"
                    HEIGHT="54">
            <Shape><Polygon POINTS="559 686 546 686 534 686 529 686 521 686 509 686 496 686 484 686 471 686 466 686 464 689 431 689 426 685 421 685 412 685 407 690 374 690 365 686 361 685 359 685 346 685 334 685 331 687 329 689 315 687 288 685 283 685 271 685 267 685 242 690 240 690 238 690 232 685 221 685 208 685 196 685 183 685 171 685 162 685 146 690 147 731 147 739 574 734 575 727 570 686 559 686"/></Shape>
	    <String CONTENT="Et de tant de theologie."
                    HPOS="146"
                    VPOS="685"
                    WIDTH="429"
                    HEIGHT="54"></String>
          </TextLine>

          
          
          <TextLine ID="eSc_line_80676291"
                    TAGREFS="LT501"
                    BASELINE="150 778 676 775" 
                    HPOS="148"
                    VPOS="729"
                    WIDTH="528"
                    HEIGHT="59">
            <Shape><Polygon POINTS="668 732 500 734 496 734 466 729 461 729 449 729 436 729 435 729 424 730 415 730 331 735 330 735 324 730 311 730 298 730 286 731 273 731 261 731 248 731 246 731 220 735 187 731 186 731 173 731 161 731 160 730 148 735 150 778 150 788 676 780 676 775 673 736 668 732"/></Shape>
	    <String CONTENT="Que toute ma teste en lourdie"
                    HPOS="148"
                    VPOS="729"
                    WIDTH="528"
                    HEIGHT="59"></String>
          </TextLine>

          
          
          <TextLine ID="eSc_line_a71e61cd"
                    TAGREFS="LT501"
                    BASELINE="153 826 256 821 643 821" 
                    HPOS="152"
                    VPOS="776"
                    WIDTH="491"
                    HEIGHT="58">
            <Shape><Polygon POINTS="402 778 390 778 377 778 365 778 352 778 340 778 327 778 315 778 302 778 290 778 277 778 265 778 252 778 240 778 227 778 215 778 202 778 190 778 177 778 165 778 162 778 152 781 153 826 153 834 190 828 640 831 643 821 641 780 402 776 402 778"/></Shape>
	    <String CONTENT="Sil me disoit aucune iniure,"
                    HPOS="152"
                    VPOS="776"
                    WIDTH="491"
                    HEIGHT="58"></String>
          </TextLine>

          
          
          <TextLine ID="eSc_line_36cac2aa"
                    TAGREFS="LT501"
                    BASELINE="155 878 238 870 685 868" 
                    HPOS="153"
                    VPOS="823"
                    WIDTH="532"
                    HEIGHT="61">
            <Shape><Polygon POINTS="679 828 587 828 586 828 572 823 566 823 554 823 541 823 520 825 516 823 516 823 504 823 494 823 477 828 429 823 429 823 416 823 404 823 397 823 394 826 367 823 366 823 354 823 351 823 327 829 314 823 303 823 295 823 267 830 266 830 255 823 253 823 241 823 228 824 216 824 203 825 191 825 178 825 166 826 155 826 153 826 155 878 155 884 190 878 276 881 300 883 301 883 302 883 303 883 305 881 312 876 366 880 392 881 394 881 685 873 685 868 681 831 679 828"/></Shape>
	    <String CONTENT="Ie feingnoye de nen tenir cure"
                    HPOS="153"
                    VPOS="823"
                    WIDTH="532"
                    HEIGHT="61"></String>
          </TextLine>

          
          
          <TextLine ID="eSc_line_5fd3642d"
                    TAGREFS="LT501"
                    BASELINE="148 918 623 915" 
                    HPOS="147"
                    VPOS="869"
                    WIDTH="476"
                    HEIGHT="59">
            <Shape><Polygon POINTS="272 870 267 870 261 875 258 875 240 870 235 871 222 873 215 873 206 875 201 873 197 874 185 875 172 876 160 878 158 874 147 876 148 918 148 921 316 928 317 928 319 928 320 928 326 924 331 921 404 925 449 926 450 926 451 926 452 926 454 925 460 920 509 920 561 926 566 926 567 926 569 926 570 926 591 920 620 926 623 915 619 869 287 875 286 874 277 870 272 870"/></Shape>
	    <String CONTENT="Mais luy dis en simplicite,"
                    HPOS="147"
                    VPOS="869"
                    WIDTH="476"
                    HEIGHT="59"></String>
          </TextLine>

          
          
          <TextLine ID="eSc_line_466d781a"
                    TAGREFS="LT501"
                    BASELINE="150 966 610 963" 
                    HPOS="150"
                    VPOS="916"
                    WIDTH="460"
                    HEIGHT="58">
            <Shape><Polygon POINTS="586 916 574 916 571 916 561 921 485 924 465 916 461 916 449 916 447 916 444 921 385 916 374 918 361 918 349 918 339 918 320 923 251 918 248 918 236 918 227 918 198 926 198 928 157 928 151 948 150 966 150 974 609 969 610 963 609 925 590 916 586 916"/></Shape>
	    <String CONTENT="Quicy preschoit sa uerite."
                    HPOS="150"
                    VPOS="916"
                    WIDTH="460"
                    HEIGHT="58"></String>
          </TextLine>

          
          
          <TextLine ID="eSc_line_7b8334ec"
                    TAGREFS="LT501"
                    BASELINE="151 1011 640 1009" 
                    HPOS="150"
                    VPOS="961"
                    WIDTH="490"
                    HEIGHT="60">
            <Shape><Polygon POINTS="638 1006 634 970 618 970 616 970 609 963 609 961 607 961 606 961 605 961 600 961 600 964 587 964 564 968 557 964 550 964 537 964 525 964 512 964 500 964 487 964 475 964 462 964 459 964 440 970 425 965 425 965 412 965 400 965 397 965 375 971 371 971 365 971 321 965 312 965 303 965 290 971 288 973 212 973 212 971 197 966 187 966 175 966 168 966 150 970 151 1011 151 1021 639 1019 640 1009 638 999 638 1006"/></Shape>
	    <String CONTENT="Gueres narrestra de uenir."
                    HPOS="150"
                    VPOS="961"
                    WIDTH="490"
                    HEIGHT="60"></String>
          </TextLine>

          
          
          <TextLine ID="eSc_line_1dd49895"
                    TAGREFS="LT501"
                    BASELINE="151 1058 626 1055" 
                    HPOS="150"
                    VPOS="1010"
                    WIDTH="476"
                    HEIGHT="59">
            <Shape><Polygon POINTS="550 1010 537 1010 525 1010 512 1010 500 1010 487 1010 475 1010 469 1010 456 1014 455 1014 451 1014 394 1010 387 1011 375 1011 362 1011 350 1011 337 1011 330 1011 325 1015 324 1016 291 1016 286 1015 257 1011 250 1011 237 1011 225 1011 220 1011 215 1015 202 1011 200 1011 187 1011 175 1011 170 1011 150 1015 151 1058 151 1060 210 1061 217 1069 218 1069 220 1069 221 1069 222 1069 238 1061 240 1061 241 1061 263 1069 265 1069 266 1069 354 1063 386 1060 389 1063 394 1066 394 1068 395 1068 396 1068 397 1068 421 1063 435 1060 447 1063 464 1068 465 1068 466 1068 467 1068 479 1064 487 1060 625 1064 626 1055 624 1014 554 1010 550 1010"/></Shape>
	    <String CONTENT="Et sil peult le peuple tenir,"
                    HPOS="150"
                    VPOS="1010"
                    WIDTH="476"
                    HEIGHT="59"></String>
          </TextLine>

          
          
          <TextLine ID="eSc_line_baaee58d"
                    TAGREFS="LT501"
                    BASELINE="155 1105 649 1105" 
                    HPOS="155"
                    VPOS="1056"
                    WIDTH="494"
                    HEIGHT="59">
            <Shape><Polygon POINTS="645 1065 526 1065 497 1056 496 1056 495 1056 494 1056 467 1065 459 1058 459 1056 457 1056 456 1056 455 1056 454 1056 437 1063 419 1056 417 1056 416 1056 415 1056 390 1065 350 1058 342 1058 337 1058 329 1065 271 1065 257 1058 255 1058 245 1058 223 1063 188 1058 180 1058 175 1058 155 1065 155 1105 155 1115 649 1111 649 1105 648 1103 645 1065"/></Shape>
	    <String CONTENT="Faillir ne ueult de lamener."
                    HPOS="155"
                    VPOS="1056"
                    WIDTH="494"
                    HEIGHT="59"></String>
          </TextLine>

          
          
          <TextLine ID="eSc_line_bfbb3aad"
                    TAGREFS="LT502"
                    BASELINE="369 1149 530 1149" 
                    HPOS="369"
                    VPOS="1106"
                    WIDTH="161"
                    HEIGHT="53">
            <Shape><Polygon POINTS="481 1106 472 1106 467 1109 464 1110 457 1109 449 1106 444 1106 431 1106 419 1106 406 1106 394 1106 381 1106 369 1106 369 1149 369 1155 529 1159 530 1149 530 1111 502 1106 494 1106"/></Shape>
	    <String CONTENT="Auarice."
                    HPOS="369"
                    VPOS="1106"
                    WIDTH="161"
                    HEIGHT="53"></String>
          </TextLine>

          
          
          <TextLine ID="eSc_line_a21f631c"
                    TAGREFS="LT501"
                    BASELINE="152 1198 615 1194" 
                    HPOS="151"
                    VPOS="1145"
                    WIDTH="464"
                    HEIGHT="65">
            <Shape><Polygon POINTS="601 1154 600 1152 526 1148 526 1150 514 1150 501 1150 489 1150 476 1150 464 1150 451 1150 439 1150 434 1150 422 1153 420 1153 416 1153 396 1150 389 1150 376 1150 375 1147 359 1145 357 1145 356 1145 337 1153 331 1153 172 1147 171 1147 170 1147 151 1152 152 1198 153 1210 175 1204 614 1204 615 1194 609 1160 601 1154"/></Shape>
	    <String CONTENT="Si daucun te laisse mener,"
                    HPOS="151"
                    VPOS="1145"
                    WIDTH="464"
                    HEIGHT="65"></String>
          </TextLine>

          
          
          <TextLine ID="eSc_line_56eadfc1"
                    TAGREFS="LT501"
                    BASELINE="153 1247 736 1243" 
                    HPOS="152"
                    VPOS="1195"
                    WIDTH="584"
                    HEIGHT="74">
            <Shape><Polygon POINTS="728 1204 715 1203 703 1202 699 1200 565 1195 565 1195 552 1195 540 1195 531 1195 510 1204 509 1205 482 1205 481 1204 471 1195 470 1195 469 1195 467 1195 466 1195 441 1203 431 1197 427 1197 416 1197 347 1205 341 1207 266 1207 266 1205 248 1198 240 1198 237 1198 213 1205 205 1198 202 1198 190 1198 177 1198 165 1198 163 1197 163 1197 152 1203 153 1247 153 1255 172 1265 173 1265 231 1269 232 1269 233 1269 235 1269 257 1254 260 1253 268 1254 335 1260 336 1260 337 1260 351 1253 355 1252 404 1252 407 1253 432 1263 434 1263 435 1263 436 1263 459 1253 461 1252 466 1253 539 1268 540 1268 735 1250 736 1243 734 1205 728 1204"/></Shape>
	    <String CONTENT="Ma soeur ne moy ne peulx setuir."
                    HPOS="152"
                    VPOS="1195"
                    WIDTH="584"
                    HEIGHT="74"></String>
          </TextLine>

          
        </TextBlock>
        
        <TextBlock HPOS="688"
                   VPOS="1248"
                   WIDTH="137"
                   HEIGHT="61"
                   ID="eSc_textblock_1fdd4c64"
                   TAGREFS="BT1370">
          <Shape><Polygon POINTS="825 1309 825 1248 688 1248 688 1309"/></Shape>
          
          
          <TextLine ID="eSc_line_f517a49e"
                    TAGREFS="LT501"
                    BASELINE="698 1289 811 1292" 
                    HPOS="696"
                    VPOS="1242"
                    WIDTH="115"
                    HEIGHT="88">
            <Shape><Polygon POINTS="799 1250 755 1250 753 1248 739 1242 738 1242 736 1242 735 1244 723 1244 716 1244 698 1245 698 1289 696 1327 790 1324 808 1330 811 1292 806 1259 799 1250"/></Shape>
	    <String CONTENT="Pour"
                    HPOS="696"
                    VPOS="1242"
                    WIDTH="115"
                    HEIGHT="88"></String>
          </TextLine>

          
        </TextBlock>
        

        
      </PrintSpace>
    </Page>
  </Layout>
</alto>
