927 1501
73 81 615 64 Pourtant se tu nous ueulx suiuir,

73 128 631 60 Nye sainct Paul ⁊ tous Prophetes,

76 178 630 55 Qui nauoient ou poser leurs testes.

75 221 512 62 Riche seras ⁊ grand seigneur

76 266 613 64 En nous seruant de tout ton coeur

76 312 495 58 Tu en uoirras lexperience.

267 362 182 54 Ministre.

83 404 497 61 Ie uous iure ma conscience,

76 454 564 55 Tres chere dame que le serment

76 499 613 63 Quay faict par le sainct sacrement

75 547 560 60 Que ie uous tiendray loyaulte.

75 595 436 54 Et ny a aulcune beaulte

73 640 588 61 Et tout le monde qui men garde.

87 685 602 64 Ie nay sinon peur que uous perde,

76 735 538 60 De me perdre nayez pas peur,

296 780 141 59 Aucun.

77 820 495 68 Metz fin un petit au labeur

76 875 475 53 Peuple allons Uerite oyr.

73 918 453 58 A ce nous est uenu querir

76 965 550 54 Le ministre, dont peulx scauoir

76 1011 593 54 Que la nous tous il ueult auoir.

75 1058 598 65 Prens ton bonnet ⁊ ton manteau.

73 1104 338 54 Aduancons nous?

300 1152 154 61 Peuple.

76 1190 329 78 Allons tout beau?

476 1243 254 85 D 5 Celuy
