927 1501
73 95 547 53 Quen ceste uille tout brusloit.

75 140 556 56 Sans faulte a souper biẽ ie beu

76 186 525 62 Et me sembla que ueiz le feu.

75 232 520 63 Ie congneuz quãd fus arriue

77 282 500 55 Que ie nauoye du tout reue.

73 326 503 61 Car on y a brusle pourceaux

76 372 657 64 Qui nous tournoyent les museaux.

75 420 539 52 Un pied de derriere extẽdirent

75 471 556 49 Ainsi que les uoisins me dirent

77 514 562 58 Oroict de deuers nostre maison.

77 561 438 59 A quoy ny a autre raison

80 606 574 56 Que pour leurs testamens tenir.

75 652 548 55 Ces iambons nous deuez offrir

80 699 481 62 Delon le theme que disions

77 745 559 60 Apportez nous de uoz moutõs.

78 790 443 63 Uoila la premiere partie.

78 839 286 57 Hem, hem, hem.

80 883 470 61 Saluons la uierge Marie

80 931 469 55 En qui thresor de grace y a

76 975 406 60 En disant Aue gratia.

81 1023 350 58 Ferte nobis arietes,

77 1069 591 56 Et nous uous en dirons, grates.

80 1114 426 60 Loco, au lieu ubi supra.

80 1162 556 60 Bien ie prendroye pro ⁊ contra,

81 1209 440 69 Si de lame procede galle

623 1258 115 56 Pour
