927 1501
171 90 484 60 Pour question theologalle

172 132 523 61 Le uenerable sainct bennard.

172 186 583 59 Mais mon sermon fineroye tard.

172 227 532 65 Auquel sans faulte bref seray.

175 272 505 61 Epistre ⁊ Euangille laisray

175 321 521 63 Pour faire noz accoustumees

173 372 487 58 Recommandations eurees.

175 412 574 63 Plus de dix mille sont de lordre

177 459 603 63 Lesquelz prient en grand concorde

178 507 641 62 Poͬ toꝰ ceulx qͥ grandz biẽs leͬ font.

178 552 606 65 Lesquelz point semblables ne sont

177 600 584 62 A ceulx qui ferment leurs porees

178 647 660 64 Peͬ des poͬceaux. Eulx laissẽt ẽtrees

178 696 521 57 Et ioyeux sont certes tretous

181 736 650 67 Si gras poͬceaux uoyẽt en leͬs choux

181 784 570 66 Prescher ne me ueullent mander

182 833 539 65 Qui ne les scay recommander.

182 884 528 55 Et pourtant ce theme metons

182 925 579 63 Apportez nous de uoz moutons.

187 978 471 60 Ie nayme riens questudier

182 1020 529 60 Comment pourray multiplier

186 1064 537 64 Le bien de nostre saincte eglise:

186 1111 519 67 Affin que mon theme deduyse

190 1160 549 60 Oyez, On uous faict assauoir

188 1208 556 70 Quentre nous auons le pouoir

766 1244 77 73 De
