927 1501
83 90 543 57 De condemner, ⁊ de absouldre

82 137 583 56 Cemme faisons cesser la fouldre.

83 182 617 61 Car nous pouuõs les cieulx ouurir

85 232 456 54 Et fermer a nostre plaisir

86 278 468 59 Par noz deuotes oraisons

86 322 640 62 Que nuyct ⁊ ioͬ pour uous faisons.

86 368 589 61 Quand uous reposez en uoz lictz

87 416 499 56 Ou labourez ou faictes pis,

85 464 658 61 Prions pour uous nostre Seigneur.

85 510 658 60 P ar quoy uault mieulx nostre labeur

86 555 622 59 Que celuy peuple que uous faictes

87 601 598 65 Ou uoz seruiteurs ou uoz bestes.

87 651 657 61 Toutes uoz oeuures sont corporelles

86 696 505 64 Les nostres sont spirituelles

86 742 557 57 Qui tiennent le peuple en estat.

86 788 634 60 Dieu si souuant point ne uous bat.

86 840 519 56 Pour uoz pechez que il feroit

86 880 426 60 Di nostre litanie nestoit

88 930 509 54 Qui rapaise Dieu de son ire

88 975 546 55 Dict le bon doubteur de la lire.

88 1025 540 59 Uous deuez souuent retourner

86 1068 438 57 A leglise uous confesser

86 1116 542 61 A nous pour prendre penitence

91 1163 598 60 Qui soit selon nostre ordonnance.

90 1213 461 75 Noz sainctz priez ⁊ aornez,

614 1262 129 77 Offrez
