927 1501
97 101 769 90 ¶ La verite cachee/ deuant

163 175 633 68 cent ans faicte ⁊ composee a six per¬

227 223 504 65 sonnages: nouuellement cor¬

270 270 416 62 rigee ⁊ augmentee auec

316 318 320 57 les autoritez de la

357 363 247 68 saincte Escri¬

415 412 121 59 pture.

150 445 138 69 Uerite.

143 506 152 63 Aucun.

371 459 190 60 Ministre.

366 511 176 53 Auarice.

629 470 166 59 Peuple.

626 516 193 65 Simonie.

336 556 245 73 ¶ Dialogue.

77 615 786 65 P. Cõpaignon. C. plaist. P. quas tu entre tes

73 662 787 64 mains. C. un uieil traicte. P. mais noeuf. C.

75 707 748 66 toꝰ deux ensemble. P. Cõmẽt cela? C. Cẽt a

75 753 761 68 y a du moins qͥl fut faict. P. ou? C. En Ha

71 799 779 65 nault se me semble. P. Dõc est il uieil. C. Co

70 845 788 75 bien que uieil ressemble si est il noeuf. P. dis

70 901 467 54 moy comment. C. Or oys:

70 938 621 66 La uerite que congnoistre debuois,

70 986 671 69 Et qui tauoit este long temps latente,

70 1035 628 63 Nouuelement par moy tu la reuois:

70 1079 684 68 Il te fault donc aller dessoubz sa tente.

70 1127 756 71 P. Ien suis content car tout bien est ouuert

66 1172 703 82 Par Uerite. C. Et tout mal descouuert.

356 1265 190 74 1544.
