927 1501
92 115 668 65 Quãd assemblez sommes au banquet

90 162 568 64 A quoy uous auez grãd acquet.

91 210 588 61 Dentree, cinq solz, autant dissue,

90 253 625 65 Six blancz fault pour lentretenue.

90 300 414 61 Aussi estes participans

90 346 600 65 Dautant quon y faict de despens.

90 394 631 61 Son uous porte donc leurs bassins

90 441 639 60 Pour nostre dame, ou poͬ les sainctz

88 487 632 63 Uous demandant aucune aumosne

88 532 602 60 Ne la donnez quelle ne soit bonne.

90 580 510 60 Dont on faict le diuin office,

86 626 570 66 Et aux trespassez grand seruice.

87 676 566 53 Honnorez prebstres dessus tous

85 721 635 63 Car hault ilz sont par dessus uous.

87 769 532 57 Qui de leurs precieuses dens,

86 811 637 63 Dieux ont mange par mille ⁊ cens.

86 859 533 62 Pensez bien donc de les seruir.

85 905 505 55 Et nostre doctrine ensuyuir.

83 951 581 65 Prebstre ne clerc ne fault toucher

86 999 493 55 Ou le Pape excommunier

86 1046 459 59 Te fera par ces uicarios.

85 1095 509 58 Non tangatis christos mios.

83 1137 493 65 Lesquelz ont uoue chastete.

82 1185 607 59 Autrement, prebstres neussent este.

83 1230 591 72 Tenir leur fault uie monastique.

556 1282 185 80 E Leur
