927 1501
172 120 569 55 Leur estat est plus quangelique.

173 163 496 54 Deuotement oyr leur messe

173 206 536 62 Chascun dimenche pas ne cesse

176 253 582 63 Car si troys foys suyuant failliez

178 300 571 55 Sans faulte estes excommuntez

178 346 537 58 De nostre sainct pere de rome.

181 392 608 58 Le pain beneit y doibt tout homme

182 440 596 62 Nous apporter chascun dimenche,

183 487 645 62 Duquel poͬ nous moytie on trenche.

183 532 548 64 Du reste morseletz bien prende

185 576 619 66 Quiconques nous aporte offrande

183 625 610 66 Dans gans layant prins, le baisez

183 676 550 60 Duquel croisez en iun mangez.

186 717 538 68 Aussy gardez bien ce quaresme

185 765 630 63 De manger laict, beurre ne chresme,

185 810 589 64 Ne chair, quaussy ie uous deffens

186 859 539 64 Toutes uigiles, ⁊ quartemps,

183 904 432 64 Au samedy, ⁊ uendredy.

185 949 496 67 Manger en peulx le samedy

188 996 660 64 Quãd chasc an la uierge est en couche

187 1041 659 64 Aultrement, chair nentre en ta bouche

188 1089 477 66 Sur peine de peche mortel.

188 1135 531 68 Mais sau uendredy chet Noel

188 1182 496 68 Manges y chair shas apetit

192 1227 644 78 Tout pour lhonneur de Iesuschrist.

691 1274 155 59 Gardez
