927 1501
70 125 648 57 Gardez laduent que les plus sainctz

67 166 649 64 Cõmencent au iour de la toussainctz.

66 211 440 65 Aussy font septuagesime

65 257 532 63 Auec poissons en leur cuysine.

67 305 647 65 Lesquelz serõt deux degrez plꝰ hault

63 352 618 63 Au paradis quest sainct Regnault.

67 399 540 62 Le tressainct pape de clemence,

67 446 499 56 Par argent, donnera licence

66 490 531 62 A tous ses leaulx catholiques

70 536 650 68 Qui naymẽt poissons fleumatiques,

66 582 628 59 De manger tout ce que uouldront,

67 632 656 65 Ou pour le moins ce quilz pourront.

66 680 460 54 Lequ el aussi excommunie

67 725 634 63 Tous faulx dismeurs, ou qui denie

65 773 584 61 Droict, priuileges, censes, rentes,

67 820 608 59 Franchises a nous appartenantes.

62 864 498 62 Acquictez donc en conscience

63 910 608 63 Les testament. Car quand ie pense

63 959 631 62 Comment sainct Pierre sen uengea

62 1004 420 62 Danania ⁊ Sapphira,

62 1051 554 63 Le poil en teste tout men dresse.

62 1099 591 63 Pourtant que rendue la promesse

63 1144 638 64 Nauoyẽt, tous deux tomberẽt mortz

63 1192 578 60 Deuant S. Pierre comme porcz.

62 1239 657 69 Mieulx uauldroit manger rost gate,

494 1292 227 63 E 2 Que
