927 1501
148 65 457 57 Qui aille pour la reueler.

148 110 657 66 Pour le moins ses biẽs ferons uoller

150 156 588 69 Disant quilz estoyent heretiques.

375 210 141 51 Aucun.

148 247 617 68 Usez uous donc de telz practiques?

148 296 548 62 Laisse on le diable ainsi regner?

150 342 529 63 Pour dire uray emprisonner?

150 391 451 53 Mutiller? excommunier?

151 437 542 59 Bannir? piller? brusler? noyer?

150 486 566 55 Et ceulx qui ne font en tout lieu

151 530 592 65 Que blasphemer le nom de Dieu,

153 576 475 63 On ne les faict tyranniser.

161 625 455 61 Ie uiendray Nicomediser,

151 671 430 56 Si ie trouue oportunite.

153 717 503 61 Quand ny aura que Uerite,

152 765 474 60 Uenir la feray secretement

152 810 607 60 Chez moy, puis que publiquement,

152 856 528 62 Par tout le monde nest receue.

153 906 472 59 Delle mon ame sera repue

155 950 605 61 Sil plait a Dieu tãt quauray uie.

161 999 489 57 Il mest aduis que Simonie

153 1044 382 57 Et Auarice se depart.

161 1091 515 63 Ie my en uoy dõc sur le tard.

157 1140 461 54 O Uerite tresnoble dame

156 1192 523 66 Sortez de ce lieu trop infame.

684 1233 134 65 Quãd
