927 1501
361 158 315 69 Rondeau

266 227 455 66 aux gracieux cõpaignõs.

166 326 654 70 De Uerite, on doibt tenir grand cõte,

163 381 596 58 Car ny a seigneur, baron ne conte,

163 421 655 71 Prince, ne Roy, fẽmes, ne aussi le uin,

166 467 628 69 Qui soit plus fort q̃lle, ne plꝰ diuin:

163 514 610 68 A Darius, Esdras en feit le conte,

165 561 659 66 Quãd uoꝰ uerrez les putaĩs auoir hõ

763 621 58 49 (te

162 606 581 70 Et iusticiers dargẽt hayr la fõte.

165 656 653 63 La cõgnoissance, on aura tout a plein

389 702 212 63 De Uerite.

163 741 661 73 Quãd uoꝰ uerrez un prestre qͥ racõte

162 790 656 70 Tout Leuangile, ⁊ nen faire mescõte

162 838 642 72 Et qͥl naura q̃ Dieu pour souuerain.

162 885 653 73 Sãs cõsacrer poꝰ largẽt Dieu en pain

162 931 597 73 Alhors aurez predication prompte

382 984 199 57 De uerite.

387 1127 198 61 Psal.84.

255 1182 453 60 Uerite de la terre est yssue

255 1230 436 58 Et iustice uoit de la nue.
