940 1518
368 70 225 64 Bn oeuure.

144 115 479 59 Ce beau recipe nest pas sot:

145 161 600 71 Mais dittes nous ce quil denotte.

366 211 226 57 Le medecin:

142 252 672 68 Langue dhomme S. Matthieu notte:

144 302 539 59 Langue de lyon cest S. Marc/

144 346 545 62 Langue de boeuf auec le marc/

142 392 681 60 Pour S. Luc, uaisseau de Dieu miste.

144 440 607 60 Laigle pour Iehan Leuangeliste:

140 492 597 57 Les langues uous destremperez/

140 532 562 66 En bon uin blanc/ que baillerez

140 578 433 67 A boire a la Chrestiente.

364 633 245 57 Bon oeuure.

139 662 408 71 Du uin le significate/

136 714 519 70 Dictes monsieur le medecin?

358 765 226 55 Le medecin.

137 803 467 71 Il signifie amour Diuin/

135 855 621 64 Lamour quon doibt auoir a Dieu/

132 905 644 63 Grace ⁊ pardon nauront point lieu/

129 950 480 60 Au corps de la Chrestiente:

130 996 483 61 Si les membres en charite/

130 1039 578 70 Ne sont par doulx accordz unis.

352 1091 247 57 Bon oeuure.

126 1128 569 69 Seigneur ie feray tout uoz ditz/

126 1180 543 60 Et men iray uers bon scauoir.

129 1224 603 97 Mais il fault tout premier scauoir

766 1267 128 106 En q̃l
