956 1522
126 76 709 64 Il fault donc, quen quelque coing allle:

124 121 636 64 Mausdicte foy, cest tout par uous.

347 171 160 54 La foy.

126 215 602 61 Ie uous romperay tout de coups:

123 261 525 63 Uuydez dicy dehors bien tost.

349 308 210 62 Hypocrisie.

125 356 525 62 Ie men uoy a quelque cagot/

123 399 537 61 Qui blasmera les Chrestiens:

121 445 635 57 Qui disent que deulx ne sont riens/

119 493 566 57 Attribuantz a Christ leur faict:

119 536 632 65 Mais iauray tout bien tost deffaict/

120 584 537 64 Par mon cagot qui preschera/

120 630 524 65 Que bon oeuure les sauuera:

118 677 557 63 En meritant ung hault degre/

119 722 597 68 Quand ilz feront tout a leur gre/

118 772 382 56 Par supererogation:

118 816 399 62 Dauoir iure religion/

118 859 543 60 Dauoir uescu en continence/

121 906 655 66 Ou gaigne bien grande indulgence/

120 955 608 58 Pour aucunc bonne oeuure faicte

120 1000 485 65 Uiuantz en familiere secte:

118 1055 585 48 Au nom dung sainct denominee/

119 1094 544 57 Dont Chrestiente est mangee:

119 1141 498 57 Mais en la fin il sera mien/

120 1187 606 63 Car Iesus Chuist nest son moyen:

121 1234 523 106 Ne son mediateur pour uray.

776 1310 102 42 Bon
