942 1512
89 60 549 68 Lequel bon fruict ne produyra

88 114 551 64 Larbre a bon fruict sauue sera:

81 156 565 70 S. Matthieu le dit en son texte.

305 207 222 60 Chrestiente.

74 248 570 70 Puis que iay la Foy ie proteste/

76 297 497 64 De la garder. ⁊ Esperance/

74 342 478 67 Et si ueulx auoir alliance

71 390 435 64 A Charite toute ma uie.

249 434 420 68 Les .3. uertus ensemble

69 477 564 71 Et nous a uous aussi mamye/

68 525 539 70 Remerciez Dieu de bon coeur.

293 575 212 60 Chrestiente

66 616 667 73 Grace uous rendz mon redempteur/

64 667 634 68 De tous les biens que maues faict/

64 711 485 68 Uostre parolle ma reffaict.

60 756 426 65 Et a chasse Hypocrisie.

60 803 459 67 Et de Peche la punaisie/

60 850 639 71 Bon oeuure ayez tout maintenant/

58 899 622 67 Aux paoures gens la main tenant

56 942 584 72 Et leur faictes du bien huymais

58 989 595 71 Ie ne ueulx plus donner iamais

56 1038 536 69 Rien, a ces quattre mendians

54 1083 558 67 Cerces depuis quattre cens ans

54 1126 484 69 Ilz ont introduict Heresie:

51 1175 561 66 Soubz la couleur Dhypocrisie

52 1222 689 80 En me uendant leurs faulx merites/

701 1278 111 71 Ainsi
