952 1528
71 77 469 61 Par lurine iuger du creux

72 118 548 66 Ha? quil y a de maulx accreux/

72 166 515 60 Lestomach qui doibt digerer/

72 217 465 56 Toute uiande, ⁊ conferer

67 258 625 64 A tous membres chascun leur part:

67 309 465 57 Ce porte mal/ car il espart

67 350 515 67 Desordonnement son office.

293 404 246 53 Bon oeuure.

67 444 520 57 Aussi font ceulx de la iustice:

70 492 546 54 Qui ont lestomach corrompu/

66 539 417 59 Refroide, lasse, rompu/

66 576 577 65 Car les iuges souuent auallent/

67 623 755 69 Les gras morceaux, qui peu leur uallent:

67 683 530 52 Et souuent cela les empesche/

70 724 471 57 Dexpedier iuste despesche

67 766 674 62 Aux paoures gens qui ont bon droict:

66 813 545 60 Et puis, lestomach est si froid/

67 862 477 62 Que iustice ne regne plus.

291 909 231 53 Le medecin.

66 949 535 63 Selon ceste urine au surplus:

66 1003 573 55 Son fiel est par trop enflamme/

66 1047 516 60 Et son poulmon est entãme/

68 1093 570 56 Dont a grand peine elle respire/

66 1142 479 54 La ratte pourrit/ ⁊ empire/

66 1186 557 59 Les entrailles sont es uuydees/

64 1235 538 102 Et le uentre a dures undees/

604 1272 211 85 E 5 Et
