968 1520
138 65 662 64 Ie ne crains point ceulx qui sur lame

130 112 597 62 Nont nul pouoir: mais ie reclame

127 160 626 57 Celuy qui peult ame ⁊ corps mettre

129 203 287 63 Dedans enfer.

368 241 198 71 Le uarlet.

131 291 372 64 Helas mon maistre/

135 335 594 71 Son scauoit que uous fussiez tel

134 386 552 66 On ne nous donneroit morcel

134 434 581 63 De pain: or laissons ces propos/

134 477 556 67 Leglises a ses clercz ⁊ suppotz/

138 532 599 60 Qui ont prins la charge de nous.

362 572 199 57 Laueugle.

134 613 586 67 Cest baille les brebis aux loups:

136 659 687 73 Ces suppotz sont tousiours soubz pos/

140 711 558 65 Sans payer ny rente nympostz

139 760 565 67 Au roy? ie nen suis pas content.

366 801 199 57 Le uarlet.

143 841 605 71 Maistre/ laissons ce long contend

140 893 582 65 A disputer aux grand docteurs/

144 946 641 61 Qui sont de nous les gouuerneurs/

141 986 616 70 Et les recteurs/ portant la charge.

371 1033 201 63 Laueugle.

149 1075 621 71 Ilz prendrõt bien nostre descharge:

144 1123 498 66 Cestascauoir dauoyne ⁊ ble/

145 1169 479 64 Et si quelcun a rien emble/

169 1222 512 82 Il sera quitte en leur baillant:

779 1254 134 96 Preb¬
