<?xml version="1.0" encoding="UTF-8"?>
<alto xmlns:xsi="http://www.w3.org/2001/XMLSchema-instance"
      xmlns="http://www.loc.gov/standards/alto/ns-v4#"
      xsi:schemaLocation="http://www.loc.gov/standards/alto/ns-v4# http://www.loc.gov/standards/alto/v4/alto-4-2.xsd">
  <Description>
    <MeasurementUnit>pixel</MeasurementUnit>
    <sourceImageInformation>
      <fileName>CRRJM34_Moralite_de_la_maladie_de_chrestiente.pdf_page_196.png</fileName>
      
    </sourceImageInformation>
  </Description>
  
  <Tags>
    <OtherTag ID="BT1039" LABEL="MainZone" DESCRIPTION="block type MainZone"/><OtherTag ID="BT1040" LABEL="TitlePageZone" DESCRIPTION="block type TitlePageZone"/><OtherTag ID="BT1041" LABEL="RunningTitleZone" DESCRIPTION="block type RunningTitleZone"/><OtherTag ID="BT1042" LABEL="DropCapitalZone" DESCRIPTION="block type DropCapitalZone"/><OtherTag ID="BT1043" LABEL="NumberingZone" DESCRIPTION="block type NumberingZone"/><OtherTag ID="BT1044" LABEL="MarginTextZone" DESCRIPTION="block type MarginTextZone"/><OtherTag ID="BT1045" LABEL="GraphicZone" DESCRIPTION="block type GraphicZone"/><OtherTag ID="BT1046" LABEL="StampZone" DESCRIPTION="block type StampZone"/><OtherTag ID="BT1047" LABEL="DamageZone" DESCRIPTION="block type DamageZone"/><OtherTag ID="BT1114" LABEL="QuireMarksZone" DESCRIPTION="block type QuireMarksZone"/><OtherTag ID="BT1325" LABEL="MarginTextZone:handwrittenAddition" DESCRIPTION="block type MarginTextZone:handwrittenAddition"/>
    <OtherTag ID="LT389" LABEL="DefaultLine" DESCRIPTION="line type DefaultLine"/><OtherTag ID="LT390" LABEL="HeadingLine" DESCRIPTION="line type HeadingLine"/><OtherTag ID="LT391" LABEL="DropCapitalLine" DESCRIPTION="line type DropCapitalLine"/>
  </Tags>
  
  <Layout>
    <Page WIDTH="946"
          HEIGHT="1528"
          PHYSICAL_IMG_NR="103"
          ID="eSc_dummypage_">
      <PrintSpace HPOS="0"
                  VPOS="0"
                  WIDTH="946"
                  HEIGHT="1528">
        
        <TextBlock HPOS="40"
                   VPOS="79"
                   WIDTH="779"
                   HEIGHT="1282"
                   ID="eSc_textblock_cf9bc9e5"
                   TAGREFS="BT1039">
          <Shape><Polygon POINTS="40 86 43 1361 819 1344 819 79"/></Shape>
          
          
          <TextLine ID="eSc_line_c0e0095d"
                    TAGREFS="LT389"
                    BASELINE="58 131 655 128" 
                    HPOS="58"
                    VPOS="86"
                    WIDTH="597"
                    HEIGHT="50">
            <Shape><Polygon POINTS="643 92 631 87 624 86 597 86 592 86 580 86 567 86 554 86 541 86 529 86 516 86 503 86 490 86 478 86 465 86 452 86 439 86 427 86 414 86 401 86 388 86 376 86 363 86 362 86 355 87 353 87 350 87 342 86 337 86 325 86 312 86 300 86 298 87 293 86 286 86 274 86 261 86 260 86 257 87 257 89 155 89 155 87 150 86 146 86 133 86 121 86 108 86 95 86 82 86 68 87 59 99 58 131 58 136 654 134 655 128 650 95 643 92"/></Shape>
	    <String CONTENT="Puis qua tela uous estes affectee/"
                    HPOS="58"
                    VPOS="86"
                    WIDTH="597"
                    HEIGHT="50"></String>
          </TextLine>

          
          
          <TextLine ID="eSc_line_11b2ef6c"
                    TAGREFS="LT389"
                    BASELINE="57 176 646 174" 
                    HPOS="56"
                    VPOS="129"
                    WIDTH="590"
                    HEIGHT="58">
            <Shape><Polygon POINTS="489 129 476 129 464 129 451 129 438 129 425 129 418 129 368 134 360 129 349 131 344 136 330 131 323 131 311 131 298 131 285 131 274 131 181 136 174 131 170 131 158 131 145 131 132 131 114 136 96 131 94 131 81 131 76 131 56 137 57 176 57 187 645 180 646 174 643 136 501 129 489 129"/></Shape>
	    <String CONTENT="Auec uous irons tresuolentiers:"
                    HPOS="56"
                    VPOS="129"
                    WIDTH="590"
                    HEIGHT="58"></String>
          </TextLine>

          
          
          <TextLine ID="eSc_line_5bc347ba"
                    TAGREFS="LT389"
                    BASELINE="63 221 800 224" 
                    HPOS="62"
                    VPOS="171"
                    WIDTH="738"
                    HEIGHT="65">
            <Shape><Polygon POINTS="789 189 776 187 763 185 750 183 738 180 725 178 712 175 699 174 688 171 636 171 636 175 623 175 614 175 606 182 578 175 572 175 566 175 536 182 534 182 531 182 497 175 495 175 483 175 474 175 414 180 402 175 393 175 387 175 378 179 367 175 355 175 342 176 330 176 317 176 298 180 216 180 210 176 202 176 189 176 187 176 182 180 181 182 103 182 101 180 93 176 87 176 75 176 71 176 63 179 63 221 62 233 427 229 456 236 460 236 461 236 462 236 464 236 466 236 490 230 523 236 529 236 530 236 531 236 532 236 549 230 583 236 587 236 589 236 590 236 591 236 614 230 798 236 800 224 794 191 789 189"/></Shape>
	    <String CONTENT="Foy, ⁊ Espoir, uous tiẽdront compagnie/"
                    HPOS="62"
                    VPOS="171"
                    WIDTH="738"
                    HEIGHT="65"></String>
          </TextLine>

          
          
          <TextLine ID="eSc_line_4fc4ea4b"
                    TAGREFS="LT389"
                    BASELINE="56 269 603 266" 
                    HPOS="54"
                    VPOS="222"
                    WIDTH="549"
                    HEIGHT="54">
            <Shape><Polygon POINTS="526 224 513 224 501 224 488 224 475 224 462 224 450 224 437 224 424 222 411 222 405 222 383 227 381 227 379 227 369 222 360 222 351 222 305 227 303 227 300 227 263 222 258 222 248 222 232 229 229 229 211 229 79 222 77 222 76 222 54 227 56 269 56 276 601 275 603 266 600 226 526 224 526 224"/></Shape>
	    <String CONTENT="Et Charite accomplira le tiers:"
                    HPOS="54"
                    VPOS="222"
                    WIDTH="549"
                    HEIGHT="54"></String>
          </TextLine>

          
          
          <TextLine ID="eSc_line_a561c8e7"
                    TAGREFS="LT389"
                    BASELINE="56 319 734 313" 
                    HPOS="56"
                    VPOS="267"
                    WIDTH="678"
                    HEIGHT="58">
            <Shape><Polygon POINTS="730 271 727 268 550 267 539 267 526 267 513 267 501 267 488 267 475 267 462 267 453 267 438 272 433 273 404 273 271 268 270 268 233 275 232 275 230 275 201 269 195 269 189 269 183 276 182 277 109 277 109 276 77 269 76 269 75 269 65 273 56 299 56 319 56 325 733 318 734 313 731 272 730 271"/></Shape>
	    <String CONTENT="Bon oeuure ira apres par ces sentiers/"
                    HPOS="56"
                    VPOS="267"
                    WIDTH="678"
                    HEIGHT="58"></String>
          </TextLine>

          
          
          <TextLine ID="eSc_line_2fb6debf"
                    TAGREFS="LT389"
                    BASELINE="54 364 780 361" 
                    HPOS="53"
                    VPOS="314"
                    WIDTH="727"
                    HEIGHT="64">
            <Shape><Polygon POINTS="775 319 698 322 688 319 670 314 669 314 668 314 611 319 590 322 587 320 580 315 576 315 563 315 550 315 538 315 525 315 512 315 504 315 498 320 480 315 474 315 464 315 450 320 446 322 442 320 427 317 423 317 410 317 406 317 396 322 392 323 374 322 328 317 321 318 308 318 303 318 295 322 291 324 214 324 212 323 200 318 193 318 181 318 172 323 170 323 159 319 155 319 142 319 133 319 124 323 98 319 91 319 79 319 66 319 65 317 53 322 54 364 54 370 135 370 136 370 145 376 146 376 147 376 149 376 150 376 164 370 165 370 251 370 251 371 265 378 266 378 267 378 269 378 283 371 285 370 345 370 346 371 353 376 353 378 354 378 355 378 356 378 358 378 369 371 373 370 401 371 462 376 464 376 494 373 523 369 532 373 540 376 541 376 543 376 544 376 558 373 574 369 581 373 585 376 586 376 587 376 589 376 590 376 599 374 609 370 778 374 780 361 776 320 775 319"/></Shape>
	    <String CONTENT="Malheureux est qui ung tel cõpaing nye/"
                    HPOS="53"
                    VPOS="314"
                    WIDTH="727"
                    HEIGHT="64"></String>
          </TextLine>

          
          
          <TextLine ID="eSc_line_0e4b2cd0"
                    TAGREFS="LT389"
                    BASELINE="57 411 605 407" 
                    HPOS="57"
                    VPOS="362"
                    WIDTH="548"
                    HEIGHT="59">
            <Shape><Polygon POINTS="515 362 507 362 476 369 436 362 425 362 413 364 410 364 400 371 388 364 387 364 374 364 369 364 354 367 316 364 311 364 298 364 285 364 283 364 271 371 252 364 247 364 234 364 212 373 211 373 191 364 183 364 170 364 158 364 145 364 132 364 119 364 117 364 104 373 104 374 65 374 59 390 57 411 57 421 604 421 605 407 603 371 526 370 518 362 515 362"/></Shape>
	    <String CONTENT="Or saluez le Medecin mamye:"
                    HPOS="57"
                    VPOS="362"
                    WIDTH="548"
                    HEIGHT="59"></String>
          </TextLine>

          
          
          <TextLine ID="eSc_line_73a5df49"
                    TAGREFS="LT389"
                    BASELINE="54 455 637 450" 
                    HPOS="53"
                    VPOS="408"
                    WIDTH="584"
                    HEIGHT="60">
            <Shape><Polygon POINTS="589 408 576 408 563 408 550 408 538 408 525 408 512 408 499 408 487 408 474 408 461 408 448 408 436 408 423 408 410 410 397 410 385 410 372 410 359 410 346 410 336 410 322 413 316 415 298 413 243 410 235 410 198 416 191 416 179 416 72 411 71 411 70 411 63 412 53 425 54 455 56 468 71 462 159 467 178 467 179 467 181 467 184 466 200 460 284 464 331 466 332 466 636 457 637 450 634 408 601 408 589 408"/></Shape>
	    <String CONTENT="Enuers tous est miscricordieux/"
                    HPOS="53"
                    VPOS="408"
                    WIDTH="584"
                    HEIGHT="60"></String>
          </TextLine>

          
          
          <TextLine ID="eSc_line_0309b20b"
                    TAGREFS="LT389"
                    BASELINE="54 505 772 500" 
                    HPOS="53"
                    VPOS="449"
                    WIDTH="719"
                    HEIGHT="69">
            <Shape><Polygon POINTS="754 466 742 463 729 462 716 459 703 458 691 455 678 454 669 449 659 449 657 449 590 459 589 459 587 459 464 453 462 453 461 453 460 453 460 454 453 459 434 453 423 453 418 453 402 460 367 454 365 454 364 454 348 460 340 454 339 454 337 454 336 454 293 460 285 454 283 454 270 454 257 454 244 454 243 454 226 462 205 454 193 455 183 455 144 462 135 455 130 455 117 455 104 455 91 455 79 455 66 455 65 454 53 460 54 505 54 513 59 518 61 518 62 518 63 518 161 510 232 518 233 518 283 509 346 509 365 516 367 516 368 516 369 516 371 516 371 515 378 508 396 508 413 508 420 508 530 514 531 514 532 514 555 508 590 515 591 515 650 506 652 506 655 506 747 514 748 514 749 514 772 505 772 500 766 466 754 466"/></Shape>
	    <String CONTENT="Approchez uous hardiment de ses lieux."
                    HPOS="53"
                    VPOS="449"
                    WIDTH="719"
                    HEIGHT="69"></String>
          </TextLine>

          
          
          <TextLine ID="eSc_line_30fec9ab"
                    TAGREFS="LT390"
                    BASELINE="277 547 809 550" 
                    HPOS="276"
                    VPOS="500"
                    WIDTH="533"
                    HEIGHT="60">
            <Shape><Polygon POINTS="780 500 778 500 777 500 776 500 711 510 670 502 669 502 668 502 666 502 648 519 641 524 499 524 492 516 474 502 469 502 456 502 447 502 415 509 396 504 392 504 379 504 367 504 365 504 362 508 356 504 354 504 341 504 328 504 316 504 303 504 290 504 286 504 277 510 277 547 276 552 294 560 295 560 297 560 451 553 503 552 807 558 809 550 809 524 803 515"/></Shape>
	    <String CONTENT="Chrestiente. Pausa."
                    HPOS="276"
                    VPOS="500"
                    WIDTH="533"
                    HEIGHT="60"></String>
          </TextLine>

          
          
          <TextLine ID="eSc_line_93a7f538"
                    TAGREFS="LT389"
                    BASELINE="54 595 711 589" 
                    HPOS="53"
                    VPOS="543"
                    WIDTH="658"
                    HEIGHT="61">
            <Shape><Polygon POINTS="703 550 691 550 678 550 665 550 652 550 640 550 627 550 614 550 601 550 589 550 576 550 563 550 550 550 538 548 525 548 515 548 513 550 512 550 507 550 494 548 487 548 474 548 461 548 448 548 439 548 438 550 436 552 312 552 293 550 214 543 212 543 211 543 189 550 177 555 130 555 122 550 112 544 110 544 109 544 53 550 54 595 54 604 710 595 711 589 708 550 703 550"/></Shape>
	    <String CONTENT="Uray medecin des ames, ⁊ des corps/"
                    HPOS="53"
                    VPOS="543"
                    WIDTH="658"
                    HEIGHT="61"></String>
          </TextLine>

          
          
          <TextLine ID="eSc_line_a422c76a"
                    TAGREFS="LT389"
                    BASELINE="54 641 810 641" 
                    HPOS="54"
                    VPOS="590"
                    WIDTH="756"
                    HEIGHT="64">
            <Shape><Polygon POINTS="552 592 540 592 525 601 460 601 450 592 450 592 437 593 424 593 411 593 399 593 386 593 373 593 360 593 348 593 335 593 322 593 309 594 303 594 297 599 262 594 258 594 248 594 243 599 214 594 207 594 195 594 186 594 181 601 116 601 107 595 105 595 93 595 80 595 73 595 65 597 54 608 54 641 54 654 142 646 221 653 247 654 248 654 249 654 254 651 267 646 314 646 318 651 321 653 321 654 322 654 323 654 325 654 326 654 335 651 349 646 429 646 434 650 439 654 441 654 442 654 443 654 444 654 455 649 460 648 485 649 559 654 560 654 562 654 563 654 569 648 572 646 613 648 796 654 798 654 799 654 800 654 810 646 810 641 810 601 753 590 752 590 647 599 559 592 552 592"/></Shape>
	    <String CONTENT="Graces te rendz de tous tes dõs parfaictz."
                    HPOS="54"
                    VPOS="590"
                    WIDTH="756"
                    HEIGHT="64"></String>
          </TextLine>

          
          
          <TextLine ID="eSc_line_8b53b70f"
                    TAGREFS="LT389"
                    BASELINE="53 688 674 683" 
                    HPOS="52"
                    VPOS="643"
                    WIDTH="622"
                    HEIGHT="53">
            <Shape><Polygon POINTS="638 643 625 643 613 643 600 643 587 643 578 643 577 644 555 643 549 643 536 643 523 643 511 643 498 643 485 643 472 643 460 643 447 643 446 643 442 644 438 643 434 643 422 643 414 643 411 645 400 643 396 643 383 643 371 643 365 643 359 646 289 643 281 643 269 643 256 643 243 643 230 643 218 643 210 643 203 649 109 649 84 643 77 643 65 643 52 648 53 688 53 696 673 693 674 683 671 645 648 643 638 643"/></Shape>
	    <String CONTENT="En te priant que tu ne soys recordz"
                    HPOS="52"
                    VPOS="643"
                    WIDTH="622"
                    HEIGHT="53"></String>
          </TextLine>

          
          
          <TextLine ID="eSc_line_ced27446"
                    TAGREFS="LT389"
                    BASELINE="54 734 715 728" 
                    HPOS="53"
                    VPOS="682"
                    WIDTH="662"
                    HEIGHT="60">
            <Shape><Polygon POINTS="665 685 652 685 640 685 638 685 589 688 569 690 559 688 534 685 525 685 512 686 508 686 503 688 502 690 499 688 494 686 487 686 474 686 461 686 448 686 436 686 423 686 410 686 397 686 385 686 372 686 359 687 346 687 334 687 321 687 320 687 313 692 288 687 283 687 270 687 261 687 251 693 184 693 79 688 79 688 66 688 53 688 54 734 54 742 713 742 715 728 712 690 674 682 673 682 665 682 665 685"/></Shape>
	    <String CONTENT="De mes pechez, salles, uilles/ ⁊ ordz/"
                    HPOS="53"
                    VPOS="682"
                    WIDTH="662"
                    HEIGHT="60"></String>
          </TextLine>

          
          
          <TextLine ID="eSc_line_595baff3"
                    TAGREFS="LT389"
                    BASELINE="52 780 808 778" 
                    HPOS="50"
                    VPOS="730"
                    WIDTH="758"
                    HEIGHT="65">
            <Shape><Polygon POINTS="803 741 790 738 782 735 691 730 689 730 632 738 631 738 613 730 611 730 610 730 609 730 608 730 597 738 523 730 522 730 521 730 503 738 457 730 452 730 427 739 425 741 353 741 318 741 303 733 293 733 283 741 221 741 198 733 191 733 187 733 172 739 159 734 152 734 145 734 113 739 107 734 101 734 89 734 76 734 65 734 50 739 52 780 52 785 95 794 96 795 135 795 135 794 136 794 137 794 147 786 164 793 165 793 167 793 218 788 226 786 229 788 238 794 239 794 240 794 242 794 270 788 277 786 291 788 346 794 348 794 349 794 350 794 350 793 355 788 356 786 360 788 369 793 371 793 372 793 402 789 430 785 474 785 479 789 481 792 481 793 483 793 484 793 485 794 539 794 539 793 540 793 541 793 544 790 550 785 807 792 808 778 805 741 803 741"/></Shape>
	    <String CONTENT="Moy ⁊ les miẽs, par eulx sõmes deffaictz/"
                    HPOS="50"
                    VPOS="730"
                    WIDTH="758"
                    HEIGHT="65"></String>
          </TextLine>

          
          
          <TextLine ID="eSc_line_bdc30bf7"
                    TAGREFS="LT389"
                    BASELINE="52 826 729 822" 
                    HPOS="52"
                    VPOS="779"
                    WIDTH="677"
                    HEIGHT="60">
            <Shape><Polygon POINTS="637 779 625 779 581 785 549 779 548 779 540 779 531 788 508 788 501 788 495 788 373 780 369 780 356 780 346 780 337 788 284 780 280 780 267 780 240 785 197 780 196 780 195 780 193 780 181 789 160 780 159 780 158 780 98 788 85 780 84 780 82 780 81 780 80 780 61 786 52 812 52 826 52 831 202 839 203 839 242 832 267 839 269 839 270 839 271 839 300 831 313 837 314 837 316 837 543 830 713 836 715 836 716 836 717 836 729 828 729 822 726 788 648 788 640 779 637 779"/></Shape>
	    <String CONTENT="Perdus, infectz/ si tu ne nous refaictz/"
                    HPOS="52"
                    VPOS="779"
                    WIDTH="677"
                    HEIGHT="60"></String>
          </TextLine>

          
          
          <TextLine ID="eSc_line_4fc91bbc"
                    TAGREFS="LT389"
                    BASELINE="52 873 710 869" 
                    HPOS="50"
                    VPOS="823"
                    WIDTH="660"
                    HEIGHT="68">
            <Shape><Polygon POINTS="657 823 656 823 655 823 654 823 634 831 586 823 585 823 583 823 562 831 536 823 535 823 534 823 471 831 460 832 456 831 442 825 441 825 439 825 321 831 265 835 206 835 198 831 189 826 188 826 187 826 155 831 135 834 117 831 90 826 89 826 57 830 50 835 52 873 52 891 101 890 103 890 104 890 117 882 215 890 216 890 261 882 279 888 280 888 281 888 283 888 284 888 294 881 323 881 331 887 331 888 332 888 334 888 335 890 367 890 367 888 368 888 369 888 378 881 526 887 527 887 529 887 530 887 540 879 555 887 557 887 558 887 620 881 633 887 634 887 636 888 708 888 710 869 707 832 666 832 666 831 659 825 659 823 657 823"/></Shape>
	    <String CONTENT="Uueille nous en (medecin) despecher."
                    HPOS="50"
                    VPOS="823"
                    WIDTH="660"
                    HEIGHT="68"></String>
          </TextLine>

          
          
          <TextLine ID="eSc_line_ee8deca7"
                    TAGREFS="LT390"
                    BASELINE="283 919 489 915" 
                    HPOS="281"
                    VPOS="872"
                    WIDTH="208"
                    HEIGHT="53">
            <Shape><Polygon POINTS="411 872 386 879 385 879 291 873 290 873 289 873 288 873 281 877 283 919 283 925 489 923 489 915 487 879 428 872 422 872"/></Shape>
	    <String CONTENT="Le medecin"
                    HPOS="281"
                    VPOS="872"
                    WIDTH="208"
                    HEIGHT="53"></String>
          </TextLine>

          
          
          <TextLine ID="eSc_line_756b1060"
                    TAGREFS="LT389"
                    BASELINE="52 963 734 967" 
                    HPOS="50"
                    VPOS="912"
                    WIDTH="684"
                    HEIGHT="67">
            <Shape><Polygon POINTS="727 926 726 925 706 925 706 924 696 916 696 915 694 915 693 915 634 915 633 915 632 915 610 924 608 924 605 924 571 916 569 916 568 916 544 923 540 924 536 923 506 914 504 914 503 914 450 923 446 923 442 923 415 916 409 918 396 918 383 918 374 918 327 921 309 923 303 921 294 919 294 919 281 919 280 914 274 912 272 912 271 912 270 912 246 921 243 921 164 921 164 920 144 912 142 912 141 912 52 919 52 963 50 969 90 977 91 977 178 971 215 977 216 977 256 971 258 971 260 971 277 979 279 979 280 979 354 972 355 972 356 972 391 979 392 979 733 975 734 967 731 938 727 926"/></Shape>
	    <String CONTENT="Mamye, allez gardez uous de pecher,"
                    HPOS="50"
                    VPOS="912"
                    WIDTH="684"
                    HEIGHT="67"></String>
          </TextLine>

          
          
          <TextLine ID="eSc_line_c25bce3b"
                    TAGREFS="LT389"
                    BASELINE="50 1012 715 1008" 
                    HPOS="49"
                    VPOS="966"
                    WIDTH="666"
                    HEIGHT="59">
            <Shape><Polygon POINTS="623 967 610 967 597 967 585 967 572 967 559 967 553 967 511 971 490 972 478 971 444 966 443 966 442 966 429 971 423 972 49 970 50 1012 50 1021 170 1018 174 1021 181 1025 182 1025 183 1025 184 1025 253 1019 286 1017 290 1019 295 1023 297 1023 298 1023 299 1025 400 1025 400 1023 401 1023 415 1018 418 1017 429 1018 490 1023 492 1023 562 1016 572 1016 573 1016 582 1022 583 1022 585 1022 586 1023 694 1023 694 1022 696 1022 715 1014 715 1008 712 972 625 967 623 967"/></Shape>
	    <String CONTENT="Auec uous ayez ces sainctes dames/"
                    HPOS="49"
                    VPOS="966"
                    WIDTH="666"
                    HEIGHT="59"></String>
          </TextLine>

          
          
          <TextLine ID="eSc_line_49ca6fba"
                    TAGREFS="LT389"
                    BASELINE="53 1060 674 1054" 
                    HPOS="52"
                    VPOS="1009"
                    WIDTH="622"
                    HEIGHT="64">
            <Shape><Polygon POINTS="562 1009 553 1009 508 1018 506 1019 442 1019 442 1018 420 1011 419 1011 418 1011 416 1011 395 1018 391 1019 371 1018 247 1012 246 1012 244 1012 228 1019 224 1021 214 1019 175 1013 174 1013 173 1013 151 1019 144 1022 136 1019 116 1013 114 1013 113 1013 52 1019 53 1060 53 1067 220 1073 221 1073 258 1067 297 1073 298 1073 299 1073 300 1073 300 1072 307 1065 308 1065 320 1065 423 1072 424 1072 674 1063 674 1054 671 1018 587 1018 564 1009 562 1009"/></Shape>
	    <String CONTENT="La foy, Espoir, ⁊ ferme Charite/"
                    HPOS="52"
                    VPOS="1009"
                    WIDTH="622"
                    HEIGHT="64"></String>
          </TextLine>

          
          
          <TextLine ID="eSc_line_85a5dfe8"
                    TAGREFS="LT389"
                    BASELINE="63 1110 186 1105 778 1103" 
                    HPOS="62"
                    VPOS="1061"
                    WIDTH="716"
                    HEIGHT="58">
            <Shape><Polygon POINTS="63 1110 63 1119 381 1119 381 1117 382 1117 385 1117 405 1111 617 1116 645 1116 646 1116 656 1116 739 1110 776 1115 778 1103 776 1063 62 1061 63 1110"/></Shape>
	    <String CONTENT="Iustice, ⁊ Paix, seront salut aux ames:"
                    HPOS="62"
                    VPOS="1061"
                    WIDTH="716"
                    HEIGHT="58"></String>
          </TextLine>

          
          
          <TextLine ID="eSc_line_b51aafeb"
                    TAGREFS="LT389"
                    BASELINE="52 1149 810 1153" 
                    HPOS="50"
                    VPOS="1105"
                    WIDTH="760"
                    HEIGHT="60">
            <Shape><Polygon POINTS="548 1105 546 1105 545 1105 488 1112 483 1112 476 1112 437 1106 436 1106 410 1111 405 1112 212 1112 210 1110 202 1105 192 1105 182 1105 155 1110 144 1111 52 1110 52 1149 50 1160 112 1156 122 1162 123 1162 124 1162 126 1162 127 1162 128 1162 138 1156 173 1162 177 1162 178 1162 179 1162 181 1162 192 1156 198 1162 200 1162 201 1162 202 1163 262 1163 262 1162 263 1162 289 1156 350 1163 359 1163 360 1165 466 1165 466 1163 467 1163 469 1163 479 1157 545 1163 559 1165 560 1165 562 1165 564 1163 581 1158 615 1163 622 1165 623 1165 647 1165 790 1158 807 1165 810 1153 809 1115 757 1115 756 1114 744 1106 743 1106 742 1106 740 1106 739 1106 738 1106 729 1111 724 1107 724 1106 722 1106 721 1106 650 1106 648 1106 647 1106 646 1106 638 1114 627 1106 625 1106 624 1106 623 1106 560 1112 559 1112 558 1112 549 1105 548 1105"/></Shape>
	    <String CONTENT="Noubliez point de pugnir les blasphemes."
                    HPOS="50"
                    VPOS="1105"
                    WIDTH="760"
                    HEIGHT="60"></String>
          </TextLine>

          
          
          <TextLine ID="eSc_line_d296a2b1"
                    TAGREFS="LT389"
                    BASELINE="56 1195 782 1198" 
                    HPOS="54"
                    VPOS="1151"
                    WIDTH="728"
                    HEIGHT="54">
            <Shape><Polygon POINTS="731 1153 727 1153 693 1160 669 1153 668 1153 659 1153 647 1160 507 1160 471 1152 470 1152 469 1152 446 1161 443 1161 436 1161 356 1152 349 1152 336 1152 323 1152 311 1152 298 1151 297 1151 271 1160 271 1161 121 1161 121 1160 112 1152 112 1151 110 1151 109 1151 107 1151 94 1151 81 1151 79 1151 77 1151 76 1151 56 1158 56 1195 54 1205 781 1205 782 1198 781 1162 742 1153 731 1153"/></Shape>
	    <String CONTENT="Gouuernez uous tousiours par uerite."
                    HPOS="54"
                    VPOS="1151"
                    WIDTH="728"
                    HEIGHT="54"></String>
          </TextLine>

          
          
          <TextLine ID="eSc_line_b5220ed8"
                    TAGREFS="LT389"
                    BASELINE="50 1242 546 1241" 
                    HPOS="49"
                    VPOS="1199"
                    WIDTH="497"
                    HEIGHT="59">
            <Shape><Polygon POINTS="50 1242 52 1258 70 1251 544 1251 546 1241 544 1207 353 1199 351 1199 211 1205 158 1199 156 1199 99 1205 57 1199 56 1199 54 1199 53 1199 53 1200 52 1200 49 1202 50 1242"/></Shape>
	    <String CONTENT="Recours ayez a la diuinite."
                    HPOS="49"
                    VPOS="1199"
                    WIDTH="497"
                    HEIGHT="59"></String>
          </TextLine>

          
          
          <TextLine ID="eSc_line_4bc41f88"
                    TAGREFS="LT389"
                    BASELINE="52 1288 752 1288" 
                    HPOS="52"
                    VPOS="1244"
                    WIDTH="700"
                    HEIGHT="56">
            <Shape><Polygon POINTS="747 1251 713 1244 712 1244 711 1244 678 1251 538 1244 536 1244 439 1251 414 1244 413 1244 411 1244 410 1244 409 1244 409 1245 401 1252 334 1252 326 1245 325 1245 323 1245 322 1245 262 1251 252 1244 251 1244 249 1244 248 1244 149 1251 140 1245 138 1245 137 1245 72 1244 71 1244 70 1244 52 1251 52 1288 52 1296 750 1300 752 1288 752 1258 747 1251"/></Shape>
	    <String CONTENT="Et en nul autre: or scauoir ie uous fay"
                    HPOS="52"
                    VPOS="1244"
                    WIDTH="700"
                    HEIGHT="56"></String>
          </TextLine>

          
          
          <TextLine ID="eSc_line_d38516be"
                    TAGREFS="LT389"
                    BASELINE="52 1339 789 1334" 
                    HPOS="50"
                    VPOS="1289"
                    WIDTH="739"
                    HEIGHT="81">
            <Shape><Polygon POINTS="781 1297 744 1291 743 1291 742 1291 729 1297 720 1289 713 1289 707 1289 659 1297 603 1291 601 1291 600 1291 585 1298 442 1292 441 1292 404 1298 351 1291 350 1291 349 1291 348 1291 348 1292 341 1298 275 1298 262 1291 261 1291 260 1291 258 1291 257 1291 256 1291 247 1298 237 1291 235 1291 234 1291 233 1291 188 1292 187 1292 172 1301 155 1292 154 1292 152 1292 151 1292 126 1298 58 1292 57 1292 56 1292 54 1292 54 1293 53 1293 50 1296 52 1339 52 1370 121 1367 122 1367 150 1354 173 1354 196 1366 203 1370 205 1370 206 1370 207 1370 220 1366 235 1361 277 1363 344 1368 345 1368 346 1368 348 1368 358 1361 365 1356 422 1351 498 1351 509 1357 523 1366 525 1366 526 1366 527 1366 529 1366 530 1366 543 1357 549 1362 549 1363 550 1363 552 1363 553 1363 554 1363 577 1354 582 1353 587 1354 615 1363 617 1363 618 1363 676 1352 684 1351 685 1352 705 1366 706 1366 707 1366 708 1366 789 1348 789 1334 786 1303 781 1297"/></Shape>
	    <String CONTENT="Sainsi faictes, uous naurez morte foy."
                    HPOS="50"
                    VPOS="1289"
                    WIDTH="739"
                    HEIGHT="81"></String>
          </TextLine>

          
        </TextBlock>
        
        <TextBlock HPOS="740"
                   VPOS="1342"
                   WIDTH="82"
                   HEIGHT="52"
                   ID="eSc_textblock_bf4b44e5"
                   TAGREFS="BT1114">
          <Shape><Polygon POINTS="740 1349 740 1394 822 1394 822 1342"/></Shape>
          
          
          <TextLine ID="eSc_line_79efd32d"
                    TAGREFS="LT389"
                    BASELINE="752 1386 812 1384" 
                    HPOS="749"
                    VPOS="1335"
                    WIDTH="63"
                    HEIGHT="72">
            <Shape><Polygon POINTS="775 1335 773 1335 749 1344 752 1386 752 1407 812 1403 812 1384 808 1340 785 1335 775 1335"/></Shape>
	    <String CONTENT="Le"
                    HPOS="749"
                    VPOS="1335"
                    WIDTH="63"
                    HEIGHT="72"></String>
          </TextLine>

          
        </TextBlock>
        

        
      </PrintSpace>
    </Page>
  </Layout>
</alto>
