950 1518
125 65 414 56 Par leurs faulx addis

124 111 613 63 Ueullent bailler nouueaux edictz/

124 156 572 66 Et aux sainctz escritz adiouster/

122 203 496 57 Chrestiente/ tu doibtz noter:

127 250 540 58 Que Lescripture est suffisante

125 297 581 55 De te sauuer: sans autre attente:

125 341 567 66 Delaisse donc lhumain scauoir/

124 387 596 67 Si tu ueulx de Dieu grace auoir

126 435 502 59 La Bible contient tout cela.

343 483 323 58 Hypocrisie primo.

134 528 513 61 Iay tout maintenant ouy la/

127 573 650 65 Ung grand prescheur de parabolles/

136 618 626 67 Il uient tout nouueau des escolles/

127 666 500 67 Destudier en saincte Bible:

127 712 578 67 Mais ie feray tant par S. Gille

130 761 478 63 Que chrestiente me croyra/

127 807 498 56 Et autre que Dieu seruira/

133 852 558 60 En adorant plusieurs images/

139 899 580 66 Il me fault auoir deux uisages:

134 947 467 62 Lung pretendra sainctete/

133 994 440 59 Et lautre toute faulsete:

131 1042 534 54 Ainsi soubz la couleur de bien/

144 1085 538 63 Ie paruiendray a mon moyen/

148 1137 625 60 Ie scay tout par coeur mes logiques

136 1178 539 64 Et mes fallaces sophistiques/

140 1232 621 91 Pour bien tromper il nest que moy/

775 1265 125 79 Tout
