958 1520
130 65 631 60 Il ne quiert tien de uostre territoire

129 110 722 61 Tant seulement/ laissez desirs mondains

125 159 702 56 Et si donnez a Dieu lhonneur  gloire.

160 207 658 57 Chrestiente/ purgez uoz cas uillains

121 253 697 57 Par foy en Christ: apres ce purgatoire

120 297 710 58 Amendez uous/ de tous pechez forains

122 345 654 57 Et si dõnez a Dieu lhõneur ⁊ gloire.

122 392 562 60 Gardez bien tout le decalogue/

121 437 646 59 Qui ne cõtient que ung monologue

117 481 709 64 Cest daymer Dieu plus que soymesme/

119 532 560 58 Et se garder quon ne desrogue/

116 572 612 63 A son uouloir: pour tout prologue

120 624 626 61 Tu aymeras en Dieu/ ton proesme

117 672 406 52 Luy donnant pasture/

117 718 417 54 De saincte Escripture:

117 763 369 54 Qui nen aura cure/

119 805 593 65 Par S. Paul ie uous en asseure/

119 857 463 57 Qui uault pis que payen.

119 903 316 57 Tu es la facture/

116 948 281 55 Et la creature/

117 996 422 52 Prompte a pourriture/

115 1042 484 58 Par Peche ne te desnature

117 1086 408 54 Et tu auras tout bien.

168 1129 540 57 Tu ne doibz nul autre adorer:

124 1178 655 63 Fors que ung seul Dieu/ ⁊ lhõnorer

120 1227 462 76 Cela il ueult auoir de toy/

765 1259 114 76 Il te
