970 1518
127 60 534 74 Dieu le deffend de par Moyse

125 117 491 70 Au liure du Deuteronome.

353 163 221 59 Chrestiente.

139 198 604 86 Ie iray au grand pardon a Rõme/

126 255 431 61 Pour auoir labsolution

126 301 414 62 Et pour la satisfaction

130 342 523 80 Ie donneray de lor au Pape.

352 394 212 56 Le docteur.

126 432 597 75 Uoyla comment peche te attrape:

129 484 538 66 Qui te mect hors de ton salut/

129 527 601 77 Pour ung ducat/ pour uns salut

129 578 482 64 Tu croys auoir remission/

126 624 504 55 Mais tu uas a damnation:

129 670 566 66 Plus fort que ceulx de tartarie.

354 718 225 56 Chrestiente.

132 756 584 75 Ie urle, ie brais, ie plains, ie crie/

138 808 606 68 Ie me affoiblis, ⁊ nen peux plus/

131 855 575 65 Mon corps est lasse, au surplus/

143 901 486 62 Ie ne puis pied ferme tenir/

132 948 512 57 Ne sus iambes me soustenir/

134 995 506 70 Dont ie chez en ma passion.

376 1043 229 61 Inspiration.

140 1081 567 72 Iay de uous ueoir compassion:

131 1135 555 69 Chrestiente/ ma soeur, ma mye?

360 1181 223 59 Chrestiente.

138 1219 512 111 Quoy, a faire de larquemye/

828 1272 67 63 Ie
