942 1514
112 73 649 61 Entre leurs mains quon ne les peult

111 117 554 59 Rauoir, ⁊ tirer quand on ueult:

114 169 497 51 Or deuant les auoir receuz/

126 208 485 64 Ilz disoyent que bien repeuz

114 254 508 63 En seroyent les fameliques:

114 302 601 63 Mais premier les Euangeliques/

114 352 464 51 Et annonciateurs dicelle.

114 391 518 60 Affin que leur mal ie ne celle/

123 439 590 61 Ie uous diray que cest quilz font.

116 488 555 62 (Apres que tant de bien ilz ont)

116 534 596 58 Certainement ilz ont grand honte

118 577 577 58 De Leuangile: ⁊ nen font conte/

121 623 568 64 Fors (par aduenture) en secret:

118 669 563 66 Disantz: quil fault estre discret/

118 716 502 61 Et euiter le grand scandale/

121 759 567 63 Qui uient den disputer en salle/

123 808 557 65 Ou en public deuant les gentz/

121 854 675 65 Mais/ ains quilz fussent faictz regentz

121 900 550 63 Des eueschez dont ont pecune:

123 948 546 60 Ou ains dauoir office aucune/

123 990 715 68 Tousiours auoyent Christ en la bouche:

123 1038 682 60 Mais en apres nulz de eulx ny touche/

130 1086 530 59 Son y touche, cest froidement/

125 1138 516 58 Par maniere dacquittement/

126 1175 597 62 Et auec gentz a culx semblables.

130 1222 618 119 Helas ilz sont faictz dissemblables

746 1267 136 104 A eulx
