972 1518
91 60 522 66 Charite est la consummation

92 108 615 58 Des bõnes loix ⁊ droicte intẽtion:

91 158 711 60 Car tu ne doibs point faire aucunement

91 202 625 57 A ton prochain/ cela que nullement

93 250 672 66 Tu ne uouldrois/ nest ce pas la raison

91 296 519 61 De Charite/ ⁊ sa description?

89 344 281 53 Charite donne/

92 393 287 52 Et si pardonne

91 437 297 55 Parfaictement:

91 479 359 64 En Dieu ordonne/

91 530 297 59 La chose bonne/

91 574 386 61 Non pour payement:

89 621 352 62 Mais simplement/

91 667 267 55 Et purement/

91 709 592 68 Le sien aux paoures abandonne:

91 760 572 55 En leur en donnant largement/

89 804 546 67 Sans distinguer lhabillement

88 855 518 60 Charite a tout bien consonne.

227 900 338 60 Bon oeure primo.

91 943 669 63 On ne congnoist a la robbe personne/

89 991 629 62 Pourtant, ie ueulx dire ma qualite

87 1038 674 63 Escoutez moy/ ⁊ que mot on ne sonne:

86 1082 658 69 Bon oeuure suis ensuyuant Charite/

87 1130 593 60 Pour bien faire/ ie nay lieu limite

87 1173 753 66 Ne tẽps/ ne habitz/ ne estat/ uin/ ne uiãdes

88 1223 567 77 La foy me faict seruir en uerite

565 1272 279 94 A 4 Et en
