954 1530
80 82 575 60 Ueneriens/ gentz de Sodomes/

77 130 752 66 Que lon ne doibt sainctz/ ⁊ preudhommes.

75 179 492 60 Leglise est par eulx diuisee:

72 224 595 57 Chascun de eulx y prent sa hauee:

73 272 526 53 Lung entre par barat ⁊ force/

72 317 517 60 Lautre/ par noblesse lefforce:

73 371 599 49 Lung crochette lhuys par proces/

73 414 490 52 Lautre/ par dons y a acces:

72 453 624 64 Lung uend les dignes sacrementz/

71 502 555 59 Et lautre donne a garnemens/

73 544 636 60 Macquereaulx/ putains/ ⁊ bastardz

75 594 578 61 Uoyla comment ilz sont espars/

75 637 623 64 Les biens des paoures Chrestiens/

76 687 557 58 Le riche a tout/ le paoure riens.

76 733 569 54 Aucuns soubz la couleur ⁊ tiltre

73 779 545 58 De Leuangile/ ou de Lepistre

75 826 543 58 Recoyuent des gros benefices/

72 870 501 63 Des dignitez/ ⁊ des offices/

73 919 605 52 Procedantz du bourbier Romain:

71 962 598 61 Non obstant quil leur soit certain/

75 1008 636 60 Que telz biens sont tresmal acquis/

73 1056 548 57 Comme danathemat conquis:

76 1106 624 54 Mais soubz couleur Euangelique/

77 1151 573 56 Ilz entendent a leurs practique:

73 1197 572 52 Car quand ilz les ont attrappez

79 1243 514 93 Ilz sont tellement aggrippez

589 1281 240 90 E 2 En¬
