944 1516
84 137 86 84 C

228 75 469 62 ¶ Le Docteur commence.

181 120 640 64 E ieu moral/ les troys uertus cõtiẽt/

180 165 646 68 Cest assauoir la foy/ qui tout soustiẽt

63 212 699 64 Auec laquelle/ est conioincte Esperance

63 260 618 57 Et Charite: qui de la foy prouient

60 305 605 61 Chrestiente, par elles se entretient

65 352 761 66 Faisãt tousioͬs bõ oeuure/ ⁊ ne espere en ce

63 399 760 65 Qui croyt en dieu/ en nul tẽps na souffrãce

63 445 697 65 De bien qui soit/ car qui a Dieu a tout:

63 495 591 57 Celuy a Dieu/ qui a en luy fiance

66 536 730 71 Prenant en luy tout seul saueur ⁊ goust.

109 583 583 65 Peuple auditeur/ de la moralite:

59 631 512 53 A bien faire/ par elle es incite

59 675 572 57 Et aduise/ de delaisser tout uice

60 726 585 59 Et tout orgueil/ ⁊ toute iniquite/

63 769 557 54 Toute luxure/ ⁊ immundicite/

64 817 725 66 Faulx tesmoignage/ aussi toute iniustice/

65 864 546 56 Ire/ ⁊ enuie/ paresse/ ⁊ auarice/

60 909 696 59 Et tous pechez de par Dieu deffendus/

60 953 599 63 Qui croit cela/ aura grace propice

59 1000 749 67 Par foy/ a Christ ayons les coeurs pẽdus.

102 1047 702 71 Hypocrisie, qui uoit en tẽps transquille/

60 1090 595 64 Chrestiente uiure par Leuangile/

58 1137 626 66 Suyuant la Foy/ Espoir/ ⁊ Charite

56 1185 563 63 Par heresie/ ⁊ par raison subtile

55 1230 642 90 La uient tirer hors de Lesprit utile/

592 1292 219 74 A 2 Et
