954 1524
63 66 587 61 Car elle monstre malle exemple.

62 115 589 62 Aussi le chief au corps ne enuoye/

63 156 555 66 Par le col rien qui le pouruoye/

64 200 540 75 Brief/ le chief est moult agite.

280 252 254 61 Bon oeuure.

60 293 467 67 Helas/ helas Chrestiente/

67 337 559 71 Que uous endurez de moleste:

64 387 517 66 On dit: que le mal de la teste

69 431 575 71 Faict tout le corps mal se porter/

66 478 550 69 Et par ce point on doibt noter/

69 527 539 64 Que si le monde faict du mal/

68 574 457 62 Cela prouient du capital:

69 618 562 61 Cest du clerge nen doubtez pas/

73 661 578 67 Qui uit sans raison ne compas/

71 707 606 72 Remply de tous pechez difformes/

73 754 562 70 Pompes, ⁊ abus multiformes/

77 798 547 79 Uoyla que nous faict le clerge.

304 848 223 63 Le medecin.

78 892 503 66 Tout ce mal sera descharge/

80 935 645 72 Quelque iour par force/ ou douleur.

77 988 462 55 Apres ie uoy une rogeur/

81 1031 527 62 Tout au milieu de son urine/

80 1076 524 69 Signifiant mal de poictrine/

78 1121 658 72 Despaules/ de bras/ doigz ⁊ mains:

82 1169 531 69 Lequel Peche par ses uenins

85 1207 600 116 Luy cause: affin que trop la blesse.

572 1207 270 148 E 4 Le
