968 1524
55 81 507 59 Tout droit a elle ie men uoy

57 125 542 62 Y me fault faire bonne nicque.

245 171 254 60 Peche primo.

57 214 499 65 Ie suis peche faulx ⁊ inique

55 267 502 58 Qui de paradis fis tomber/

57 308 615 60 Grand part de nature Angelique.

52 358 473 54 Eue a Adam ie fis pecher/

50 403 567 59 Ce que leur fut uendu bien cher/

53 450 554 59 Car par moy il est faict mortel/

69 495 473 58 Ie suis se uoulez regarder/

55 542 500 56 Derriere laict/ ⁊ deuant bel.

100 586 591 62 A damner les gens ie mapplique/

53 635 560 60 Car ie faictz a tous transgresser

55 681 521 59 La saincte loy Euangelique/

55 725 606 63 Que plusieurs ont uoulu glosser/

53 775 500 60 A leur proffit/ ⁊ commenter:

54 819 541 59 Pour faire aller dame Isabel

47 867 534 60 Quelque uieil image adorer/

55 914 505 57 Derriere laict/ ⁊ deuant bel.

115 956 530 65 Iay des suppos de la menique

58 1005 653 61 Gẽs qui sont sans leur Dieu aymer:

55 1055 590 58 Lung est larron/ lautre heretique

58 1101 521 59 Ou hypocrite/ remply damer

60 1143 613 63 Ie ne ueulx nul que moy blasmer/

60 1192 599 64 Ie suis tout tel quest ung tombel/

58 1238 600 96 Son me uouloit bien contempler

612 171 145 102 Pausa.

640 1287 171 85 Derriere
