960 1524
128 76 558 59 Dieu est assez fort de pouruoir/

128 118 580 66 Ses seruiteurs/ sans auoir ayde.

386 167 223 60 Chrestiente.

128 207 500 68 Ha la teste/ a layde, a layde/

130 257 555 60 Les espaules/ les bras/ ⁊ reins/

130 304 634 61 Les piedz/ les iambes/ ⁊ les mains/

129 351 548 59 Helas ie ne scay plus que faire/

128 398 539 61 Na qui aller: pour me reffaire

133 443 537 71 Ie uueil auoir des medecines.

386 491 215 62 Hypocrisie.

127 534 559 62 Prenez de plantain les racines:

127 584 498 57 Prenez aussi de la fougiere/

127 628 712 69 Ung tout seul grain/ il nen fault guaire:

127 678 521 56 Du poulliot/ de la ueruaine/

124 722 548 60 Et mettez tout dessus la ueine

123 769 625 65 Du bras gauche en forme de croix/

123 816 573 61 Ne passez point le nõbre a troys/

120 862 548 60 Et la laissez la par neuf iours:

122 909 604 62 En la cueillant faictes sept tours/

123 955 553 64 Dictes cinq foys Pater noster/

120 1000 472 64 Agyos/ Otheos/ Sother/

133 1046 462 62 Il ny fault fil du sabmedy

119 1096 476 62 Apres disner fille/ nourdy/

120 1143 525 60 Et pour mettre la chose a fin/

133 1187 426 60 Il fault dire Berithifin/

124 1243 472 77 Uous aurez en cela fiance.

770 1281 97 65 Bon
