948 1512
303 50 256 65 Bon oeuure.

71 93 574 69 Ayez en Dieu uostre esperance:

71 142 560 68 Car il est seul qui peult guarir/

75 189 479 64 Son ua le medecin querir,

73 235 580 68 Baillant quelque petite drogue,

70 282 581 65 Cela a Dieu point ne desrogue:

74 328 562 70 Presuppose que lon commette,

70 376 550 66 Le tout a luy: non a commette,

71 422 500 65 Ny a planette, ou influence,

71 467 495 64 Ny a quelque folle creance.

76 515 590 67 On peult bien medecine prendre,

73 559 552 67 Sans delle son salut attendre:

88 609 451 58 Il fault de medecine user

73 653 493 63 Comme non usant, ⁊ uiser

73 699 547 73 Que Dieu regit, ⁊ tient la uie

70 748 325 54 Entre ses mains.

293 790 228 79 Chrestiente.

69 835 301 68 Iay prins enuie

68 883 648 78 Puis que les sainctz ne me font rien,

66 932 397 60 Auicenna, ne Galien,

69 976 497 64 Daller parler a ung deuin:

71 1026 493 63 Qui me dira de lord uenin.

70 1073 463 62 Toute la uertu ⁊ nature.

302 1121 240 59 Le Docteur.

68 1160 567 71 Cest contre la saincte escripture:

69 1213 481 116 Chrestiente, ou tes tu mise?

627 1248 199 75 C Dieu
