952 1516
115 65 538 62 Uous mẽtez trauers le uisage

112 111 474 60 Allez ailleurs faire caquet/

113 155 611 66 Uoulez uous troubler le bancquet

115 205 496 53 Ny pensez point elle rasotte:

115 248 513 61 Mamye/ ce n est que une sotte

116 299 478 55 Parlant par follie ⁊ enuie.

366 346 238 59 Inspiration.

115 384 490 65 Gardez bien sur uostre uie

113 434 702 65 Den manger/ ce sont mors soubdaines.

359 485 137 55 Peche.

112 519 630 69 Et ce sont uoz fiebures quartaines

113 573 665 62 Qui uous puissent les reins sangler/

112 625 469 57 Mamye/ laissez la iangler

111 665 713 84 Mangeons quand le temps est appoint.

366 717 235 61 Inspiration.

113 752 611 64 Ha? non faictes nen mangez point

115 803 665 66 Gardez bien den mettre en la bouche/

111 854 565 56 Autant que la uie uous touche:

115 896 639 61 Si uous en mangez/ uous mourrez

113 946 573 63 Si uous le laissez uous uiurez/

116 992 463 57 Essisez la uie ou la mort.

366 1038 223 59 Chrestiente.

115 1080 600 63 Mais uous me desconseillez fort/

117 1133 565 54 Quel mal men peult il aduenir

118 1178 587 58 Den manger/ si ie ueulx fournir

120 1227 496 94 A mon appetit: ce me semble

767 1305 109 32 Que
