958 1526
338 71 216 58 Le docteur.

119 115 574 65 Uiuez maintenant sainctement/

123 161 537 66 Gardez uous bien a laduenir

122 208 478 60 De plus a peche consentir:

122 255 610 68 Ne pechez plus/ uueillez bien faire

123 300 608 67 Et querez a ung seul Dieu plaire

124 345 592 72 Par dessus tout/ uoyla le poinct.

347 394 230 63 Chrestiente.

136 436 688 75 Iay en mon coeur ung uers qui poinct

124 485 611 68 Lequel me mort, picque ⁊ oppresse.

347 537 219 54 Le docteur.

124 565 536 83 Affin que cela ne uous blesse/

127 623 565 75 Soustenez uous dessus la foy/

128 676 439 62 Esperance que cy ie uoy/

128 718 508 62 Et Charite uous ayderont:

128 766 508 65 Ces uertus auec uous iront

129 813 485 59 Et osteront ce dur remors.

131 857 542 68 Christ a purge uoz pechez ordz

133 905 508 69 En son pur sang croyez cela/

136 949 539 70 Laissez donc passer ce mors la/

138 999 466 66 Et soyez du tout asseuree/

139 1042 607 69 Que uostre offense est pardonnee

139 1094 569 63 Sans iamais le uous imputer/

141 1134 618 67 Bon oeuure ne uous fault laisser/

142 1185 602 67 Mais par la foy faire bon fruict:

142 1233 506 79 Car tout arbre sera destruict:

806 1266 102 98 Leq̃l
