962 1520
59 70 569 66 Et les uendredis blancz de lan/

68 121 468 61 Il fault aller a S. Aignen

59 168 554 56 Pour uostre tigne, ⁊ a S. Cler

58 214 617 62 Pour uous faire reuoir plus cler/

59 259 672 67 Pour bien uous conduire en la uoye:

62 305 589 66 Faictes chanter de saincte Auoye,

59 353 565 62 Et paour dauoir le cocur amer,

64 400 534 63 Faictes chanter de S. Omer,

62 447 628 67 Pour uoz dentz a saincte Apolline

60 490 567 64 Elle uous sera moult benigne/

63 542 607 62 Ie uous prometz que uous aurez

62 590 382 57 Sante, ⁊ guarie serez

62 634 576 66 Par le moyen de leurs miracles.

290 681 211 56 Le docteur.

64 716 600 71 Delaissez la tous leurs musacles,

63 773 574 61 Car pour auoir parfaict secours

63 818 478 56 Chrestiente, uaten ⁊ cours

64 863 546 66 A Iesus Christ uray medecin.

64 908 493 66 Dequoy te sert S. Auertin,

65 956 589 64 S. Dominique, ⁊ S. Francoys?

65 1004 668 65 Doncques des sainctz ne feras choys,

65 1050 505 62 Pour te sauuer, ou te guarir

67 1094 663 65 Trop bien leurs uertus doibs suyuir

64 1143 710 65 Uiuantz comme eulx, silz ont bien faict:

62 1188 547 64 Croy que Iesus a tout refaict:

64 1235 586 74 Et que les sainctz ny ont pouoir,

707 1288 114 69 Dieu
