954 1520
63 77 595 73 A uandosmes pour uostre ueue.

296 127 201 60 Laueugle.

63 162 509 68 Lescripture doibt estre ueue/

64 219 674 83 Par tous ceulx qui la ueullent croyre:

65 260 539 61 Tu ne me feras point accroire

63 309 638 68 Que la saincte larme a Uandosme/

60 354 584 65 Puisse rendre la ueue a lhomme.

67 402 660 73 Iaymeroys mieulx mourir aueugle/

64 449 578 62 Ou labourer ainsi qung beugle/

63 492 607 71 Que estre guary de telles larmes.

292 542 193 54 Le uarlet.

59 577 564 74 Si les iacopins/ ou les carmes/

59 633 606 67 Les cordeliers/ ou les bons homs/

60 680 574 67 Uous auoyent en leurs prisons/

59 727 527 62 Uous desdiriez ceste sentence/

60 771 586 65 Ou uous seriez mis en sentence/

59 819 435 61 Par excommunication/

60 863 477 66 Ou brulle sans remission:

59 912 549 72 Car cest alencontre des droictz.

290 962 196 60 Laueugle.

62 993 571 78 Iay ouy lire en maintz endroictz

57 1051 567 64 De Leuangile, ⁊ en uray texte/

58 1096 576 66 Que Iesus Christ dit ⁊ proteste:

57 1143 619 62 Que ceulx qui croiront a ses dictz/

59 1188 565 64 Iecteront les diables mauldictz

60 1235 560 95 Dehors des corps, ⁊ guariront

689 1288 126 88 Tous
