960 1524
116 66 606 61 De tous erreurs/ luy faict sembler

116 113 616 58 Que aucun mal ne la peult greuer:

116 160 518 63 Et si est presques au trespas.

348 207 235 59 Inspiration.

114 248 566 63 Cest donc pour uenir pas a pas

113 299 597 56 Au profond des crimes enormes:

114 342 627 64 Ueu que pechez qui sont difformes/

114 389 493 55 Plaisent tant a la creature:

113 434 494 62 Et que la hardie infracture

114 481 711 58 Des sainctz commandemens de Dieu:

115 528 488 61 Nest point poisee/ ⁊ si a lieu

113 574 756 66 Sans remors/ sans mode/ ⁊ sans craincte.

345 624 223 54 Le medecin.

111 664 518 63 Chrestiente est pres esteincte/

114 713 533 57 Par peche/ doulx blasonner

114 760 533 57 Lequel sen ua lempoisonner/

111 808 501 59 Du grief uenin dambition:

113 854 390 59 Pource sans dilation

118 897 441 63 Iectez sur le uenin hatif

113 951 485 56 Le doulx sirop preparatif/

114 993 496 62 Lequel est pour son cfficace/

115 1042 488 52 Nomme preueniente grace/

113 1085 447 56 Car par luy gardee sera.

349 1134 235 59 Inspiration.

116 1176 629 64 Tout le mieulx que faire on scaura

115 1224 516 115 Uostre uouloir sera parfaict.

748 1266 124 82 Peche
