954 1530
76 81 499 57 A eulx mesmes par auarice:

79 123 579 68 Ilz font la courtz, au fort, ⁊ riche/

72 173 583 56 Et les paoures sont mis dehors/

73 219 541 58 Desquelz ilz estoyent consors/

72 266 493 64 Domestiques, ⁊ familiers/

71 311 522 61 Auarice en faict par milliers/

71 363 529 56 Auiourdhuy nyer Leuangile:

72 404 532 62 Car tel qu il souloit en la uille

75 447 609 60 Deuant auoir du bien  prescher:

72 495 592 64 A bien grand peine, ose il cracher/

77 545 583 54 De paour quil ne soit dit quil est

75 585 594 67 De Iesus Christ: uoyla que cest.

76 632 638 69 Pensez bien messieurs les paulistes/

75 679 528 66 Ce que par les Euangelistes/

86 726 471 65 Il est escript de contemner

77 768 660 70 Les biens, qui font lhomme damner:

79 818 522 65 Ne abhorrez pas les fugitifz/

79 864 537 61 Secourez aux paoures catifz/

80 910 634 66 Uous ne le faictes point a lhomme:

80 956 585 62 Mais a Iesus qui dit en somme:

82 1004 483 68 Quod fecistis his pusillis/

80 1053 409 63 Mihi certe hoc fecistis/

81 1095 543 61 Les pusilles sont domestiques

82 1142 556 67 De la foy: quon dit heretiques/

82 1192 500 63 A tort: ⁊ qui ont tout perdu/

84 1236 574 110 Pour ensuyuir Iesus tout nud/

582 1278 259 88 E 3 Pour
