978 1520
146 91 712 71 Non point pour moy: mais le Seigneur

145 138 578 64 La dict/ cest son commandement

145 182 622 70 Quil fault garder songneusement:

144 229 474 68 Honnora personam senis/

145 271 601 77 Entendz tu bien/ mon trescher filz

145 325 399 61 Et coram cano capite/

146 362 439 72 Consurge/ par humilite.

149 415 656 71 Notte bien donc ces beaux prouerbes.

376 462 197 57 Le uarlet.

148 488 669 90 Pous auez tousiours tant de uerues:

146 553 549 61 Comment osez uous caquetter

149 601 533 66 De Salomon: allons quester

149 646 552 67 Et uous taisez de Lescripture/

150 691 583 66 Uous en aurez malle aduenture/

150 738 569 87 Den tant parler quelque matin.

377 786 199 62 Laueugle.

148 825 479 75 Celuy est bien chien matin/

149 871 599 72 Qui ne scait point la saincte Loy/

148 922 590 66 Et les commandementz du Roy/

149 969 574 64 Le uieil ⁊ nouueau Testament:

145 1013 589 70 Auquel on congnoistra comment

148 1056 677 91 Nous sommes faictz enfans de Christ.

373 1112 200 57 Le uarlet.

146 1141 573 80 Uous nauez point le S. Esprit/

150 1200 654 71 Pour la glosser comme homme sage:

150 1248 531 98 Entendons daller en uoyage

755 1289 154 106 A uan¬
