942 1520
70 70 593 75 En quel lieu demeure en la uille.

67 160 493 74 En la rue de saincte Bible:

301 124 225 55 Le medecin.

67 211 494 71 Cest a lenseigne de la croix.

63 298 504 74 Ie le uoy la comme ie croix.

286 264 254 62 Bon oeuure.

60 352 563 66 Cest luy que ioy ainsi chantant.

116 399 473 65 Bon scauoir lappoticaire.

63 440 663 70 Tant que uiuray/ en eage florissant/

60 492 663 62 Ie seruiray le seigneur tout puissant/

58 537 698 71 En faisant ditz ⁊ chansons par accordz

55 581 656 67 Le uicil serpẽt ma tenu languissant/

55 628 732 69 Mais Iesus Christ: ma faict resiouyssãt/

57 678 737 74 En exposant pour moy son sang ⁊ corps.

54 723 578 62 Son alliance: Cest ma fiance.

58 767 632 71 Il est tout mien/ Ie suis tout sien

54 815 505 66 Fy de tristesse: Diue liesse/

49 860 640 76 Puis quen mon Dieu/ a tant de biẽ.

244 909 245 61 Bon oeuure.

49 950 472 63 Sauue soyez par le moyen

49 999 559 70 De Iesus Christ/ ⁊ de sa grace.

275 1050 256 57 Bon scauoir.

44 1085 550 71 Et puis que fault il que ie face/

43 1137 563 67 Ie suis prest y ne fault que dire.

273 1188 243 53 Bon oeuure.

40 1226 583 107 Par le commandement du mire/

630 392 189 88 Cantando

727 857 83 71 bis.

659 912 146 93 Pausa.

678 1278 115 72 F Il
