954 1516
112 70 711 60 Quand le p̃mier hõme a mal samordit/

60 114 736 61 Et quil mordist/ au fruict dont se repent:

61 160 738 57 Langueur ⁊ mort/ son corps ⁊ ame ordist

63 208 589 58 Mal lhardist/ ⁊ uenin le mordist

63 253 693 56 Que luy ourdist/ le uenimeux serpent:

61 299 631 63 Encores pend ce poison en larpent/

64 344 754 61 Lequel despend Dadam le premier hõme/

63 395 714 59 Quand le serpent enuenyma la pomme.

63 438 290 55 Le uenin actif/

69 482 344 57 Froit/ aspre ⁊ hatif

65 529 363 58 Tost lempoisonna:

65 578 307 53 Si fut maladif/

72 620 305 65 Infime ⁊ tardif:

66 672 436 61 Dont grand poix on a.

107 718 714 64 Mais pour dõner aux hõmes guarison/

63 761 628 61 Contre poison uenimeux ⁊ mortel:

65 813 640 51 En temps preueu/ ⁊ certaine saison/

65 855 705 63 De ma maison/ ou sont biens a foisont/

64 903 684 62 Suis pour raison uenu au bas hostel:

65 950 684 59 Dieu immortel/ me fiz homme mortel

65 995 651 62 Soubz le martel de passion tresdure:

64 1044 713 61 Pour reguarir lhomme de toute ordure:

68 1087 393 62 Ien fays seul la cure/

65 1139 406 56 Par mon sang le cure/

66 1183 438 53 La boitte est mon corps:

68 1229 346 105 Duquel ouuerture

568 1278 245 72 B 4 On
