948 1516
115 56 757 65 Et en moymesme/ elle faict choses grãdes:

115 103 662 59 Sobriete destruict langues friandes/

112 147 585 65 Humilite les orgueilleux habitz/

112 192 652 65 Et continence/ abolist les galandes/

115 240 701 68 Et les galans/ qui font des gros rabis.

375 290 219 62 Chrestiente.

112 332 440 63 Modcrateur de paradis

113 380 687 63 Grace uous rendz des nobles dames/

112 428 527 57 Que uous auez icy transmis

111 475 622 58 Pour me regir sans nulz diffames/

112 520 485 57 La foy heretiques infames

111 564 553 58 Destruict/ par la uertu diuine.

112 610 709 67 La foy monstre les grandz blasphemes/

111 659 541 54 Et les reprent par sa doctrine/

111 702 752 68 La foy nous faict ung Dieu congnoistre/

107 752 461 56 Et esperance/ en luy fier.

107 795 561 60 Charite nous faict apparoistre/

107 843 594 61 Comment on le doibt seul aymer/

107 890 482 54 Allons ceans nous reposer

111 937 595 59 En regardant dedans ung liure.

112 984 568 63 Docteur/ uueillez nous exposer

112 1029 599 67 Quelque bon mot se estes deliure.

203 1080 561 65 ¶ Icy entre en une tente/ ⁊ le Docteur

391 1131 192 48 parle/ ⁊ dit:

371 1169 239 62 Le Docteur.

112 1212 623 119 Soyez prudens ueillans en oraison

728 1255 139 75 Et en¬
