940 1522
77 83 495 56 La porolle de Iesus Christ,

76 131 537 59 Pour resueiller uostre esperit/

73 175 423 62 En medecine salutaire.

295 224 223 57 Chrestiente.

73 263 523 66 Helas, ⁊ ie le doibz bien faire:

76 319 535 56 Ie ne me puis trop trauailler/

72 366 478 52 Pource me uueil humilier

72 410 415 60 A receuoir la medecine.

296 457 222 55 Le docteur.

71 493 513 65 Cest la parolle ⁊ la doctrine/

72 546 638 58 Pour uous guarir ma bonne soeur:

69 592 472 61 Receuez la en foy de coeur/

69 637 557 66 Et rẽdez grace au Roy Iesus.

295 686 231 59 Chrestiente.

73 728 625 64 Graces uous rendz Roy de la sus/

69 780 614 58 Car uous mauez uoulu repaistre/

72 823 621 62 Des biens qui de uous sont yssus:

72 873 619 59 Graces uous rendz Roy de la sus.

142 920 496 62 Par mon peche confuse fuz:

73 965 563 62 Ie ne men puis seulle demettre/

72 1010 621 60 Graces uous rendz Roy de la sus:

68 1064 613 48 Car uous mauez uoulu repaistre/

71 1108 616 55 Des biens qui de uous sont yssus.

69 1152 547 60 Docteur, gardez bien la fiolle.

298 1198 163 61 La foy.

67 1239 673 109 Bienheureux est, qui garde la parolle

674 622 145 79 Bibit in

682 688 138 60 urceolo.

621 1283 208 80 F 3 De
