962 1518
124 70 478 61 Pour uerite en droit tenir/

125 115 492 58 Et la saincte foy soustenir/

125 164 480 63 Les pusilles sont difeteux/

126 206 675 64 Qui nont point uaillant dix estoeux:

126 258 663 63 Non point ces gros panceuz caphars.

350 302 222 58 Le medecin.

125 346 533 62 Par ce catarre en toutes pars/

122 395 445 55 Chrestiente est a meschief

125 438 499 59 Elle na plus sante au chief/

125 483 592 67 Dequoy sont ses yeulx aggrauez

129 531 579 62 Tous chassieux/ ⁊ moult greuez

127 581 537 59 Par non scauoir, ⁊ ignorance/

127 622 531 61 Que luy cause telle greuance/

126 670 433 61 Ses orcilles, ⁊ ses oyes/

129 719 484 60 Sont fermes, ⁊ assourdies/

127 761 457 58 Sans ouyr lexhortation/

127 808 424 59 De saincte predication:

130 856 633 56 Et ses mains sont toutes punaises.

127 904 546 59 Puantes comme les punaises,

126 947 441 58 Sans discretion adorer/

127 990 567 62 Et sans ung seul Dieu adorer

127 1041 514 62 Sa langue est en perplexite/

126 1087 460 59 Et ne peult bien en uerite

130 1139 491 51 Parler pertinente doctrine:

129 1180 533 60 Da face palle, ⁊ meigre mine/

132 1223 618 95 Bigle oeil, a regarder mal ample/

797 1275 87 65 Car
