944 1510
91 55 591 64 Et enuers tous/ obseruez charite:

91 101 577 65 Car charite/ coeuure de sa toyson

93 149 606 63 Le grand nõbre/ de nostre iniquite

91 195 752 67 Quand uous uerrez/ le tẽps de aduersite/

91 241 666 59 Hospitalliers soyez a uoz prochains/

91 288 690 64 Nourrissez ceulx de famine prochains/

89 330 678 68 Administrans uostre bien transitoire:

94 383 716 67 Faictes hõneur aux seigñrs souuerains/

90 425 702 68 Et si donnez a Dieu lhonncur ⁊ gloire.

137 471 595 71 Seruez a luy seul/ en toute saison/

89 517 525 64 A ce faire/ nul iour nest limite

89 567 751 67 Nulles places/ aux champs/ a la maison/

88 610 628 64 Uostre oraison soit faicte en uerite/

86 658 549 63 Desprit/ de coeur/ ⁊ de fidelite/

85 704 666 64 Et par espoir: estans du tout certains

86 749 759 67 Que dieu noꝰ ueult dõner ses biẽshaultaĩs

85 799 726 64 Meilleurs q̃  nest nostre oeuure meritoire/

86 843 729 68 Faictes doncques cõme firent les sainctz:

84 889 692 67 Et si donnez a Dieu lhonncur ⁊ gloire.

132 936 577 66 En oraison/ ostez le long blason:

83 982 625 62 Leuans uoz mains en toute purite

80 1028 754 71 A ung seul Dieu/ plus sans comparaison

80 1073 677 69 Doulx ⁊ bening/ que uostre infirmite

80 1119 593 67 Ne peult penser: car par benignite

79 1167 614 67 Il abolist les pechez des humains/

76 1215 759 78 Croyans en luy/ laissans faictz inhumains

577 1279 254 63 A 5 Il ne
