946 1512
71 55 531 64 Adorateurs faisans debuoir/

65 98 626 80 En leurs esperitz/ non en uoyages

65 146 571 70 Nen painctures/ ny en ymages:

64 192 604 77 Et puis le croyant ne ueult signe

68 238 633 88 Tant soit il grand/ noble ⁊ insigne:

63 284 579 68 Mais il se tient du tout a Dieu/

60 331 621 91 Lequel par foy trouue en tout lieu.

61 378 512 73 Sil a quelque mal pestifere/

60 424 513 69 Le tout au seigneur il refere/

58 469 570 77 Sil a quelque fortune aduerse/

59 516 506 67 Il na garde quelle lenuerse:

54 567 451 64 Car pour ceste tentation/

60 608 483 69 Il croit que cest probation:

51 657 564 71 Et que Iesus Christ le chastie/

50 701 521 73 Affin quil soit de sa mesgnye:

49 748 490 67 Comme le feu esprouue lor

50 795 550 74 Aussi faict Dieu le bon uoloir

50 841 440 66 Du croyant en adursite.

309 895 191 53 Le uarlet

49 932 511 67 Maistre uous dictes uerite:

50 982 613 80 Mais parlez bas quon ne uoꝰ oye/

47 1026 516 81 Son le scauoit oyson/ ny oye/

49 1073 463 78 Ne fut iamais si bien rosty

46 1120 319 64 Que uous seriez.

301 1168 198 112 Laueugle.

44 1205 219 116 Sot abesty/

595 1275 199 78 D Ie ne
