962 1520
164 91 496 55 Grace/ qui fut preparatiue:

163 130 572 62 Maintenant poit la purgatiue/

166 181 425 63 La parolle luy porterez/

164 222 467 69 Et par la foy la purgerez:

164 267 581 68 Mais premier quand a legestiue/

167 319 513 66 Ha elle chambre assez aysiue?

168 367 294 63 Or dittes moy?

395 401 232 67 Inspiration.

167 456 337 67 Nenny pour uray.

391 500 212 59 Le medecin

164 547 454 64 A ce point la pouruerray

166 592 528 62 Pour iecter du uenin lordure:

167 640 480 66 Affin den faire entiere cure/

167 682 532 69 Et pour la guarir a ma guise/

166 725 588 74 Mener la fault en saincte Eglise/

166 777 493 65 Hors laquelle, nul na salut

166 824 510 67 Cest lespouse, qui tant ualut

167 870 544 67 Que le filz de Dieu lespousa:

167 915 487 64 Et laquelle pour espouse a/

166 965 489 63 Elle se doibt regir par foy:

167 1009 494 58 Et par Leuangile ⁊ la Loy

168 1057 640 66 De Iesus Christ/ non par lhumaine

169 1100 562 64 Tradition/ en quoy lung meine

169 1147 547 61 Dung coste, ⁊ lautre de lautre/

167 1188 675 73 Ne laisse point Christ, pour ung autre

169 1240 509 112 Sa parolle, pour tout certain

842 1271 80 85 Est
