964 1516
107 65 683 60 Par foy on faict les grandz miracles:

109 112 556 62 En Iherico les propugnacles/

106 156 513 57 Sont atterrez/ ⁊ confondus.

103 202 504 55 Ces motz notez ⁊ entendus/

112 247 658 65 On doibt par la foy en Dieu croire.

290 296 325 60 Esperance primo.

106 337 558 60 Dame affin quil te soit notoire

121 386 503 63 Ie suis une attente certaine/

108 437 579 53 De paruenir au hault domaine/

108 477 603 66 De Iesus Christ: par ses merites/

106 528 602 60 Car par moy les cieulx tu herites/

109 579 486 50 Et es receue auec lespoux/

111 619 533 55 Non pour auoir tue les poux/

108 663 567 62 Ains par auoir seulle esperance/

112 711 667 63 En ung seul Dieu/ qui par clemence:

109 756 448 66 Sauue les filz delection.

291 806 281 56 Charite primo.

111 847 623 65 De Charite Paul ad Timotheum

111 898 505 59 Uous a descrit la diffinition

111 938 669 67 Elle est (dit il) fin du commandemẽt

113 984 762 70 Dun coeur tout pur/ sans uiure feintemẽt

112 1035 601 59 Ayant la foy/ pour sa fondation.

161 1082 555 56 Auoir en Dieu ferme dilection/

113 1126 616 66 Et au prochain/ sans faire election

114 1174 640 67 Cela prouient en uous certainemẽt/

116 1222 231 113 De Charite.

722 1263 153 73 Charite
