956 1514
117 60 471 64 Derriere lect ⁊ deuant bel.

342 104 216 60 Hypocrisie.

128 150 552 68 Ie ueulx uestir ce gris mantel/

121 195 528 69 Pour aller ueoir Chrestiente/

122 240 500 72 Long temps ya que iay este

123 288 635 71 En ma maison/ sans ueoir les gens

133 339 528 67 Il me desplaist des entregens/

128 379 545 73 Que font la foy ⁊ Esperance/

127 427 498 68 Et Charite: car en plaisance

127 474 464 69 Chrestiente uit auec elles/

135 518 522 73 Il me fault user de cautelles/

128 561 596 69 Mais toutesfoys il fault que face

132 610 568 71 Tout soubz couleur de ciche face

140 662 433 68 Ie prescheray dhumilite/

130 710 493 64 Pour linduire a peruersite.

137 751 509 74 Ie prescheray contre auarice/

130 797 521 72 Mais ie seray tenante ⁊ ciche.

141 846 501 72 Ie prescheray contre luxure/

128 890 528 72 Mais ie seray pleine dordure.

141 937 535 76 Ie prescheray paix ⁊ concorde/

133 980 615 76 Mais ie uiuray en grand discorde.

142 1029 569 74 Ie prescheray quil fault donner/

136 1077 499 66 Et si seray sans rien bailler.

149 1122 477 76 Ie prescheray les usuriers/

140 1172 528 61 Et si auray bledz en greniers.

159 1216 549 86 le prescheray contre lyurongne/

703 105 167 71 seorsum.

794 1255 103 69 Et si
