950 1520
97 81 554 60 Et si la faict suyuir charnalite:

97 119 613 68 Luy promettant dauoir prosperite

96 168 622 62 Mais en la fin elle en aura la mort/

97 220 483 54 Certes il est predit ⁊ decrete

100 254 748 71 Que qui faict mal/ mal luy aduiẽt en sort.

148 306 609 60 Qui a peche/ il doibt auoir recours

97 349 663 69 A Iesus Christ/ qui est nostre secours

100 400 577 58 Nostre aduocat/ ⁊ nostre medecin

100 442 695 68 Luy seul guarist/ les aueugles ⁊ sourdz

97 491 749 57 Aller ne fault/ aux hõmes na leurs cours:

100 538 499 61 Car qui si fie/ il sera en la fin

101 580 738 69 Maudict de Dieu/ mourãt en son uenin:

101 629 723 70 Sil nest purge des humeurs hereticques/

102 675 706 72 Par Iesus Christ/ nostre sauueur diuin

102 720 753 75 Car noꝰ sommes/ sans luy pires q̃  eticques.

145 771 672 70 ¶ Nota que la foy doibt preceder/ ⁊ Chre¬

149 823 649 66 stiente uenir apres accõpaignee de Espe¬

144 865 574 67 rance ⁊ de Charite/ puis Bon oeuure.

357 909 277 56 La foy primo.

105 950 766 68 Par grace en foy/ sans oeuures iudaiques:

105 999 682 68 Christ a uoulu/ par dictz apostoliques

108 1043 697 74 De ses esleuz monstrer le salut prendre:

107 1090 732 74 Si quon ne doibt/ en soymesme cõprendre

108 1134 755 76 Que par ses faictz on soit ioinct aux celiq̃s.

153 1186 562 70 Pharisiens operateurs iniques:

108 1229 692 113 Par argumens/ ⁊ raisons sophistiques

773 1275 93 90 Nõt
