982 1522
128 67 564 66 Et pour dix membres en sante:

130 114 432 64 Elle en a cent en uerite/

130 157 610 72 Qui sont en merueilleux martyre.

374 206 223 65 Inspiration.

131 253 437 65 Ha mectez y remede sire:

135 291 527 73 Le scay bien quen Chrestiente/

135 343 548 67 Sil est ung homme en charite/

134 388 547 67 Enuers Dieu bon ⁊ gracieux.

137 437 442 63 Quil en y a dix uitieux:

137 487 650 64 Et pour dix bons au temps present/

135 530 572 64 Des mauuais on en uerra cent:

137 575 492 71 Mais guarissez la maladie.

370 625 226 61 Le medecin.

138 664 542 67 Affin que le uray ie uous dye/

147 714 536 69 Ie ne la ueulx point delaisser/

144 761 500 67 Que incontinent ie nestudie

142 807 421 66 A son accident abaisser:

143 852 595 70 Mais premier il conuient penser/

144 901 522 65 De luy donner aucun repos:

144 946 544 71 Combien quil faille despencer/

149 993 586 69 Affin quelle entre en bon propos:

148 1041 598 67 Pour faire donc ses sens compos/

148 1089 504 62 A congnoistre son mal actif:

150 1133 528 65 Baillez luy en pintes ou pos/

150 1180 486 68 Ce doulx iullep preparatif/

181 1227 378 84 Il est fort ⁊ penetratif.

842 1272 72 95 Et
