966 1518
139 80 535 55 De braire les passans estonne

141 123 527 57 Quelcun entende a ma priere,

148 169 519 61 Ie ne uoy couleur ne lumiere

136 212 603 65 Et nay forme de yeulx au uisage.

139 260 553 63 Mes amys uoyez ma maniere:

144 313 444 56 Ie crie deuant ⁊ derriere/

139 357 549 59 Pensant y trouuer aduantage:

139 401 361 59 Est il don ne gaige/

141 450 478 58 Que pour mon language/

153 493 361 59 Ie puisse conquerre?

149 538 359 61 Ie tiens cy mesnage

139 585 381 62 Au meilleur passage/

141 632 375 62 Qui soit sur la terre:

139 679 601 59 Mais ie ne scay plus qui requerre/

139 723 548 60 Car ie ny congnois fol ny sage

141 769 543 62 Helas a ce paoure homme: he?

139 817 480 59 Aueugle suis mal fortune¬

141 861 540 63 Uueillez quelque chose donner

141 909 514 65 Mes amys: ie nay que disner

141 951 636 72 Departez moy quelques morccaux.

382 1001 199 55 Le uarlet.

143 1048 538 66 Ie regarde sur noz drappeaux

143 1092 524 62 Son y a iecte quelque maille/

144 1139 537 65 Ouy/ tantost: baille luy baille

150 1186 423 70 Il ny a denier ne demy.

372 1234 196 79 Laueugle.

796 1306 109 51 Ung
