958 1512
84 80 557 74 Ie men uouldroye bien mesler/

80 128 485 62 Ien ay ouy souuent parler.

76 172 661 82 Mais en nul temps ie nen uis point.

306 223 237 57 Inspiration.

78 262 568 69 Ie croy que ne mentendez point

71 316 531 53 Chrestiente, ma doulce soeur/

74 360 538 62 Ie scay ung medecin fort seur

71 408 546 75 Qui bien uostre mal guarira.

300 454 218 53 Chrestiente.

71 491 522 65 Bien, son le uoit on luy dira

73 544 601 78 Que droit sen uoise a la boyteuse.

312 592 232 60 Inspiration.

70 631 453 67 Uoicy une chose piteuse/

69 682 426 60 Chrestiente sans fiction

69 728 480 63 Nentend plus inspiration/

73 774 434 61 Elle na plus de charite/

76 821 489 63 De foy/ despoir/ de uerite/

74 869 451 53 Tant est oubliee de sens:

71 912 575 68 Il uault mieulx a ce que ie sens

69 961 509 62 Me retirer pour son moleste/

65 1004 469 64 Deuers le medecin celeste:

64 1052 599 68 Car luy seul a ce peult pourueoir.

293 1102 428 79 Laueugle. Pausa.

63 1137 559 70 Dame ie suis uenu pour ueoir

61 1190 594 68 Sil uous plaira en Iesus Christ

64 1238 547 101 Me donner du pain ung petit/

597 1283 229 81 C 2 Car
