960 1516
75 70 606 61 Cest pour en faire une neufuaine/

78 121 588 60 Ou pour chanter ceste sepmaine,

75 168 462 59 Pour aller en pelerinage,

75 212 608 63 Ou pour en faire ung bel ymage,

77 264 535 61 Ou pour payer ma confrarie.

297 306 203 61 Laueugle.

74 348 538 60 Bouche ne scauroit assez dire,

75 401 568 60 La douleur ⁊ le grand martyre/

77 445 514 61 Que ie seuffre cy en presence:

75 492 435 57 Chrestiente tu es la pire/

78 534 607 64 Qui soit, tu uois bien que iexpire

77 583 523 65 De paourete ⁊ de souffrance:

78 631 359 63 Helas doulce amye,

94 682 298 58 Iesus dist il mye

75 728 442 56 Romps ton pain ⁊ mye,

77 770 468 61 A la paoure gent affamye

78 816 468 62 Cest son commandement.

79 864 420 60 Pour estre a Complye/

82 909 350 59 Tu nas accomplie

79 957 387 61 La loy: Or te emplie

78 1004 462 55 A me donner ie te supplie,

80 1051 430 61 Du pain ou de largent.

309 1096 200 54 Le uarlet.

80 1134 546 71 Me laissez uous ainsi mourir/

83 1186 568 65 Uoulez uous plustost subuenir

80 1234 547 105 A ces moynes fors ⁊ puissans/

576 1274 262 82 C 3 Uous
