<?xml version="1.0" encoding="UTF-8"?>
<alto xmlns:xsi="http://www.w3.org/2001/XMLSchema-instance"
      xmlns="http://www.loc.gov/standards/alto/ns-v4#"
      xsi:schemaLocation="http://www.loc.gov/standards/alto/ns-v4# http://www.loc.gov/standards/alto/v4/alto-4-2.xsd">
  <Description>
    <MeasurementUnit>pixel</MeasurementUnit>
    <sourceImageInformation>
      <fileName>CRRJM34_Moralite_de_la_maladie_de_chrestiente.pdf_page_195.png</fileName>
      
    </sourceImageInformation>
  </Description>
  
  <Tags>
    <OtherTag ID="BT1039" LABEL="MainZone" DESCRIPTION="block type MainZone"/><OtherTag ID="BT1040" LABEL="TitlePageZone" DESCRIPTION="block type TitlePageZone"/><OtherTag ID="BT1041" LABEL="RunningTitleZone" DESCRIPTION="block type RunningTitleZone"/><OtherTag ID="BT1042" LABEL="DropCapitalZone" DESCRIPTION="block type DropCapitalZone"/><OtherTag ID="BT1043" LABEL="NumberingZone" DESCRIPTION="block type NumberingZone"/><OtherTag ID="BT1044" LABEL="MarginTextZone" DESCRIPTION="block type MarginTextZone"/><OtherTag ID="BT1045" LABEL="GraphicZone" DESCRIPTION="block type GraphicZone"/><OtherTag ID="BT1046" LABEL="StampZone" DESCRIPTION="block type StampZone"/><OtherTag ID="BT1047" LABEL="DamageZone" DESCRIPTION="block type DamageZone"/><OtherTag ID="BT1114" LABEL="QuireMarksZone" DESCRIPTION="block type QuireMarksZone"/><OtherTag ID="BT1325" LABEL="MarginTextZone:handwrittenAddition" DESCRIPTION="block type MarginTextZone:handwrittenAddition"/>
    <OtherTag ID="LT389" LABEL="DefaultLine" DESCRIPTION="line type DefaultLine"/><OtherTag ID="LT390" LABEL="HeadingLine" DESCRIPTION="line type HeadingLine"/><OtherTag ID="LT391" LABEL="DropCapitalLine" DESCRIPTION="line type DropCapitalLine"/>
  </Tags>
  
  <Layout>
    <Page WIDTH="928"
          HEIGHT="1516"
          PHYSICAL_IMG_NR="102"
          ID="eSc_dummypage_">
      <PrintSpace HPOS="0"
                  VPOS="0"
                  WIDTH="928"
                  HEIGHT="1516">
        
        <TextBlock HPOS="91"
                   VPOS="77"
                   WIDTH="795"
                   HEIGHT="1227"
                   ID="eSc_textblock_bd93eddf"
                   TAGREFS="BT1039">
          <Shape><Polygon POINTS="91 77 91 1304 697 1304 886 1091 864 77"/></Shape>
          
          
          <TextLine ID="eSc_line_080bf226"
                    TAGREFS="LT389"
                    BASELINE="117 166 665 170" 
                    HPOS="116"
                    VPOS="120"
                    WIDTH="549"
                    HEIGHT="63">
            <Shape><Polygon POINTS="659 135 647 135 634 133 622 133 609 132 596 132 584 131 571 130 566 125 533 122 533 125 520 125 508 125 495 125 482 125 470 125 457 125 445 125 432 125 419 125 407 125 394 125 381 125 369 125 357 125 338 126 336 125 331 120 329 120 328 120 327 120 326 120 324 120 324 121 319 125 318 126 314 125 302 121 293 121 280 121 268 121 255 121 242 121 230 121 217 121 204 121 192 121 185 121 126 122 117 130 117 166 116 175 481 183 482 183 484 183 485 183 493 176 494 176 577 176 580 176 591 183 592 183 594 183 663 176 665 170 661 135 659 135"/></Shape>
	    <String CONTENT="Souuent ouy prescher lauoys:"
                    HPOS="116"
                    VPOS="120"
                    WIDTH="549"
                    HEIGHT="63"></String>
          </TextLine>

          
          
          <TextLine ID="eSc_line_b1831891"
                    TAGREFS="LT390"
                    BASELINE="343 123 543 123" 
                    HPOS="343"
                    VPOS="75"
                    WIDTH="200"
                    HEIGHT="60">
            <Shape><Polygon POINTS="520 79 508 79 495 79 482 78 475 78 465 79 452 78 445 78 432 77 419 77 407 77 394 75 381 75 369 75 357 75 355 77 343 92 343 123 343 135 543 135 543 123 537 92 533 87"/></Shape>
	    <String CONTENT="Le uarlet."
                    HPOS="343"
                    VPOS="75"
                    WIDTH="200"
                    HEIGHT="60"></String>
          </TextLine>

          
          
          <TextLine ID="eSc_line_07a6b1c6"
                    TAGREFS="LT389"
                    BASELINE="117 213 735 217" 
                    HPOS="116"
                    VPOS="168"
                    WIDTH="619"
                    HEIGHT="61">
            <Shape><Polygon POINTS="724 175 714 173 682 176 661 171 656 170 648 170 646 170 643 171 638 178 596 178 586 171 582 170 572 170 560 170 547 170 534 170 522 170 509 170 500 170 499 171 495 176 413 176 393 173 369 169 357 169 354 169 337 173 324 175 314 173 298 168 294 168 281 168 271 168 197 173 180 174 174 173 146 168 142 168 134 168 117 173 117 213 116 219 160 227 161 227 322 222 350 228 351 228 352 228 517 223 532 229 533 229 534 229 734 223 735 217 733 178 724 175"/></Shape>
	    <String CONTENT="Mais deuant dire prou uous face/"
                    HPOS="116"
                    VPOS="168"
                    WIDTH="619"
                    HEIGHT="61"></String>
          </TextLine>

          
          
          <TextLine ID="eSc_line_237f059c"
                    TAGREFS="LT389"
                    BASELINE="116 261 775 267" 
                    HPOS="115"
                    VPOS="214"
                    WIDTH="660"
                    HEIGHT="66">
            <Shape><Polygon POINTS="773 233 767 224 666 218 665 218 663 218 646 224 642 224 639 223 615 217 614 217 609 217 596 217 584 217 571 217 558 217 546 217 543 217 542 217 541 217 539 217 532 223 529 223 522 223 464 217 462 217 407 222 396 222 394 222 380 216 379 216 378 216 273 221 255 221 254 221 246 214 242 214 230 214 217 214 216 214 116 218 116 261 115 269 346 269 362 271 389 276 390 276 391 276 393 276 398 271 400 270 453 270 464 272 485 277 486 277 488 277 489 277 504 272 510 270 531 272 585 279 586 279 623 272 630 271 632 272 639 279 639 280 641 280 642 280 643 280 773 272 775 267 773 233 773 233"/></Shape>
	    <String CONTENT="Chantons nous deux a Iesus grace."
                    HPOS="115"
                    VPOS="214"
                    WIDTH="660"
                    HEIGHT="66"></String>
          </TextLine>

          
          
          <TextLine ID="eSc_line_5509106c"
                    TAGREFS="LT390"
                    BASELINE="202 310 699 314" 
                    HPOS="201"
                    VPOS="262"
                    WIDTH="498"
                    HEIGHT="58">
            <Shape><Polygon POINTS="632 266 619 266 609 266 600 275 598 276 447 276 442 271 434 265 429 265 419 265 380 270 372 270 361 269 304 264 303 264 290 264 284 264 280 267 271 274 251 266 237 262 236 262 235 262 202 265 202 310 201 320 697 320 699 314 697 277 647 267 644 267"/></Shape>
	    <String CONTENT="Sur le chant: Languir my fais."
                    HPOS="201"
                    VPOS="262"
                    WIDTH="498"
                    HEIGHT="58"></String>
          </TextLine>

          
          
          <TextLine ID="eSc_line_c5cc5ead"
                    TAGREFS="LT389"
                    BASELINE="116 357 749 360" 
                    HPOS="115"
                    VPOS="306"
                    WIDTH="634"
                    HEIGHT="61">
            <Shape><Polygon POINTS="748 324 735 309 734 309 733 309 732 309 705 317 701 319 635 319 615 315 605 314 596 314 584 314 571 314 558 314 555 314 546 319 476 319 465 313 457 313 450 313 437 318 432 313 432 313 419 313 409 313 398 317 370 313 369 313 356 312 343 312 331 312 318 312 305 312 293 312 280 312 268 312 255 312 244 312 174 315 166 309 166 308 165 308 164 308 116 306 116 357 115 367 748 367 749 360 749 327 748 324"/></Shape>
	    <String CONTENT="Graces a Dieu soit en ceste iournee"
                    HPOS="115"
                    VPOS="306"
                    WIDTH="634"
                    HEIGHT="61"></String>
          </TextLine>

          
          
          <TextLine ID="eSc_line_a90f7f3d"
                    TAGREFS="LT389"
                    BASELINE="116 401 831 406" 
                    HPOS="115"
                    VPOS="357"
                    WIDTH="716"
                    HEIGHT="61">
            <Shape><Polygon POINTS="824 370 812 366 749 357 748 360 740 360 732 367 730 368 685 368 682 367 661 360 659 360 647 360 634 360 622 360 609 360 596 360 594 360 505 366 495 366 493 366 482 360 482 360 470 360 457 360 445 360 432 358 419 358 407 358 394 358 381 358 369 358 365 358 354 365 332 358 331 358 318 358 305 358 293 358 260 363 221 362 217 358 204 358 198 358 188 363 187 363 161 358 154 358 141 358 128 358 116 362 116 401 115 409 328 409 331 409 345 415 346 415 347 415 510 410 533 410 534 410 541 416 542 416 543 416 544 416 587 410 595 410 604 411 652 418 653 418 830 411 831 406 828 384 824 370"/></Shape>
	    <String CONTENT="Qui nous repaist, cõme ses enfans chers"
                    HPOS="115"
                    VPOS="357"
                    WIDTH="716"
                    HEIGHT="61"></String>
          </TextLine>

          
          
          <TextLine ID="eSc_line_c3e9c59a"
                    TAGREFS="LT389"
                    BASELINE="113 451 819 451" 
                    HPOS="113"
                    VPOS="403"
                    WIDTH="706"
                    HEIGHT="64">
            <Shape><Polygon POINTS="733 406 720 406 708 406 696 406 628 411 619 411 616 411 594 405 594 405 581 405 568 405 565 405 548 410 524 405 518 405 505 405 493 405 480 405 476 404 421 411 419 411 418 411 393 404 391 404 379 404 372 404 354 410 346 404 341 404 328 404 316 404 309 404 299 410 290 403 278 403 265 403 259 403 236 411 226 404 225 404 223 404 222 404 221 404 204 410 193 403 189 403 177 403 164 403 151 403 139 403 131 403 113 411 113 451 113 466 154 457 203 457 217 464 218 464 219 464 221 464 222 464 242 459 249 464 250 466 251 466 252 466 254 466 261 464 295 457 413 457 421 463 423 464 423 466 424 466 426 466 427 466 428 466 429 466 433 463 442 457 472 457 480 462 484 466 485 466 486 466 488 467 512 467 512 466 513 466 514 466 514 464 518 462 524 457 562 461 585 463 586 463 587 463 598 461 606 458 609 461 614 464 614 466 615 466 616 466 618 466 656 459 663 459 681 459 804 466 805 466 806 466 819 458 819 451 819 411 735 406 733 406"/></Shape>
	    <String CONTENT="Sãs desseruir: de pain, de uin, de chairs/"
                    HPOS="113"
                    VPOS="403"
                    WIDTH="706"
                    HEIGHT="64"></String>
          </TextLine>

          
          
          <TextLine ID="eSc_line_ecbd0c01"
                    TAGREFS="LT389"
                    BASELINE="113 495 642 499" 
                    HPOS="112"
                    VPOS="452"
                    WIDTH="530"
                    HEIGHT="53">
            <Shape><Polygon POINTS="543 452 531 452 518 452 508 452 490 457 488 457 485 457 474 452 467 452 455 452 448 456 447 457 413 457 413 456 408 452 404 452 391 452 385 452 374 456 367 452 366 452 354 452 341 452 324 456 319 456 222 456 221 454 216 452 214 452 202 452 189 452 177 452 164 452 151 452 142 452 113 453 113 495 112 504 639 505 642 499 641 458 553 452 543 452"/></Shape>
	    <String CONTENT="Et si auons sa bonte offensee."
                    HPOS="112"
                    VPOS="452"
                    WIDTH="530"
                    HEIGHT="53"></String>
          </TextLine>

          
          
          <TextLine ID="eSc_line_b9005ae9"
                    TAGREFS="LT389"
                    BASELINE="164 544 713 544" 
                    HPOS="164"
                    VPOS="500"
                    WIDTH="549"
                    HEIGHT="53">
            <Shape><Polygon POINTS="708 502 706 500 164 500 164 544 164 553 713 550 713 544 713 507 708 502"/></Shape>
	    <String CONTENT="Sa parolle est uiande sauoree/"
                    HPOS="164"
                    VPOS="500"
                    WIDTH="549"
                    HEIGHT="53"></String>
          </TextLine>

          
          
          <TextLine ID="eSc_line_b1f8817e"
                    TAGREFS="LT389"
                    BASELINE="111 588 862 591" 
                    HPOS="109"
                    VPOS="541"
                    WIDTH="753"
                    HEIGHT="62">
            <Shape><Polygon POINTS="857 554 844 553 831 552 819 550 812 550 812 549 806 549 793 548 781 548 768 547 762 548 740 541 739 541 738 541 686 548 634 545 629 545 616 545 604 545 591 545 579 545 576 545 573 548 572 549 561 548 543 545 541 545 528 545 515 545 510 545 498 548 486 549 484 547 481 545 477 545 465 545 452 545 439 545 427 545 414 545 403 545 400 547 398 548 384 547 374 545 364 545 351 545 338 545 326 545 322 545 321 547 317 548 111 545 111 588 109 598 398 595 414 601 415 601 417 601 418 601 419 601 421 601 429 595 438 601 439 601 441 601 442 601 446 601 481 595 488 601 489 601 489 602 490 602 491 602 493 602 494 602 498 601 512 596 563 601 580 602 581 603 672 603 672 602 673 602 676 601 687 596 697 601 700 602 701 602 702 602 860 601 862 591 860 554 857 554"/></Shape>
	    <String CONTENT="Pour nous nourrir en ces diuers sentiers/"
                    HPOS="109"
                    VPOS="541"
                    WIDTH="753"
                    HEIGHT="62"></String>
          </TextLine>

          
          
          <TextLine ID="eSc_line_e40120c8"
                    TAGREFS="LT389"
                    BASELINE="108 635 812 637" 
                    HPOS="107"
                    VPOS="589"
                    WIDTH="705"
                    HEIGHT="61">
            <Shape><Polygon POINTS="740 591 734 591 716 597 715 597 658 591 652 591 639 591 630 591 549 597 541 597 539 597 533 591 525 591 513 591 500 591 488 591 475 589 474 589 472 589 447 596 439 589 437 589 428 589 404 596 364 589 361 589 350 589 335 596 324 589 323 589 314 589 295 596 294 596 245 596 209 596 203 589 197 589 195 589 184 596 183 596 182 596 166 589 159 589 151 589 108 595 108 635 107 641 118 649 120 649 121 649 122 649 193 641 227 641 235 648 235 649 236 649 237 649 238 649 276 641 326 649 327 649 328 649 356 641 415 648 417 648 418 648 443 641 457 650 458 650 460 650 461 650 519 643 561 643 577 650 579 650 580 650 632 644 649 650 651 650 652 650 685 644 796 650 797 650 799 650 800 650 811 641 812 637 812 598 757 598 756 597 744 591 740 591"/></Shape>
	    <String CONTENT="Mais que soyons en saincte foy entiers"
                    HPOS="107"
                    VPOS="589"
                    WIDTH="705"
                    HEIGHT="61"></String>
          </TextLine>

          
          
          <TextLine ID="eSc_line_bfcfdcf7"
                    TAGREFS="LT389"
                    BASELINE="109 682 714 684" 
                    HPOS="108"
                    VPOS="636"
                    WIDTH="606"
                    HEIGHT="58">
            <Shape><Polygon POINTS="539 637 527 637 514 637 501 637 489 637 486 637 471 644 469 644 465 644 421 636 413 636 400 636 388 636 345 643 323 636 312 636 303 636 284 643 283 644 247 644 246 643 236 636 236 636 223 636 211 636 198 636 185 636 173 636 163 636 156 643 144 636 135 636 126 636 109 641 109 682 108 691 289 687 356 693 357 693 359 693 360 693 408 687 413 693 414 693 414 694 415 694 417 694 418 694 419 694 422 694 445 688 711 694 714 684 713 645 549 637 539 637"/></Shape>
	    <String CONTENT="Cest uiande qui est du ciel donnee."
                    HPOS="108"
                    VPOS="636"
                    WIDTH="606"
                    HEIGHT="58"></String>
          </TextLine>

          
          
          <TextLine ID="eSc_line_fae47df5"
                    TAGREFS="LT389"
                    BASELINE="156 727 839 732" 
                    HPOS="155"
                    VPOS="683"
                    WIDTH="684"
                    HEIGHT="61">
            <Shape><Polygon POINTS="833 689 713 683 713 684 700 684 687 684 675 684 672 684 627 687 608 688 603 687 595 684 586 684 573 684 561 684 548 684 536 684 523 684 510 684 498 684 485 684 472 684 460 684 447 684 434 684 433 684 429 687 426 684 422 684 409 683 396 683 386 683 379 684 359 687 341 683 333 683 321 683 308 683 297 683 290 684 280 683 270 683 257 683 245 683 244 683 241 685 184 683 182 683 169 683 156 683 156 727 155 735 386 735 391 736 409 741 410 741 412 741 413 741 414 741 422 736 424 735 431 736 456 741 457 741 486 736 496 735 508 736 546 741 547 741 548 741 549 741 555 737 560 741 560 742 561 742 562 742 563 742 615 736 620 736 624 736 651 742 652 742 686 737 695 744 696 744 697 744 699 744 700 744 714 737 740 744 742 744 743 744 838 736 839 732 838 694 833 689"/></Shape>
	    <String CONTENT="Par Iesus Christ elle est preordonnee/"
                    HPOS="155"
                    VPOS="683"
                    WIDTH="684"
                    HEIGHT="61"></String>
          </TextLine>

          
          
          <TextLine ID="eSc_line_25abcc44"
                    TAGREFS="LT389"
                    BASELINE="104 775 845 778" 
                    HPOS="103"
                    VPOS="727"
                    WIDTH="742"
                    HEIGHT="56">
            <Shape><Polygon POINTS="838 732 825 732 824 732 820 733 763 732 762 732 749 732 737 732 724 732 711 732 699 732 686 732 673 732 661 731 648 731 635 731 623 731 610 731 598 731 585 731 572 731 560 731 547 731 534 731 522 731 517 731 508 733 490 730 484 730 471 730 462 730 455 732 192 728 180 728 168 728 163 727 104 727 104 775 103 783 844 783 845 778 843 727 838 727 838 732"/></Shape>
	    <String CONTENT="Aux urays croyans, les siens coheritiers."
                    HPOS="103"
                    VPOS="727"
                    WIDTH="742"
                    HEIGHT="56"></String>
          </TextLine>

          
          
          <TextLine ID="eSc_line_4af33615"
                    TAGREFS="LT389"
                    BASELINE="109 822 867 824" 
                    HPOS="108"
                    VPOS="776"
                    WIDTH="759"
                    HEIGHT="57">
            <Shape><Polygon POINTS="792 778 780 778 767 778 756 778 733 783 720 778 716 778 704 778 692 778 657 783 654 783 653 783 637 778 628 778 615 778 611 778 584 783 580 783 572 778 565 778 556 778 547 782 543 778 539 778 527 778 514 778 501 778 489 778 476 778 474 776 467 782 383 776 375 776 362 776 350 776 337 776 324 776 312 776 309 776 249 782 244 782 242 782 225 776 223 776 211 776 198 776 169 782 165 782 163 782 142 776 135 776 122 776 121 776 109 780 109 822 108 833 866 833 867 824 866 784 796 778 792 778"/></Shape>
	    <String CONTENT="Or chantons tous, en harpes ⁊ ꝑsaultiers"
                    HPOS="108"
                    VPOS="776"
                    WIDTH="759"
                    HEIGHT="57"></String>
          </TextLine>

          
          
          <TextLine ID="eSc_line_c1ad534c"
                    TAGREFS="LT389"
                    BASELINE="108 869 821 871" 
                    HPOS="107"
                    VPOS="823"
                    WIDTH="714"
                    HEIGHT="60">
            <Shape><Polygon POINTS="766 824 761 824 740 831 739 832 619 832 618 831 610 824 609 824 608 824 601 824 589 824 576 824 563 824 551 824 538 824 532 824 525 831 524 831 520 831 470 823 462 823 450 823 394 830 357 823 348 823 336 823 323 823 193 830 180 830 175 830 137 823 134 823 125 823 108 828 108 869 107 879 231 874 260 880 269 881 270 881 290 880 351 874 389 879 407 881 408 881 409 881 410 881 414 879 423 874 475 879 504 881 505 881 506 881 515 879 524 875 528 879 532 881 532 883 533 883 534 883 536 883 537 883 552 879 566 875 589 878 622 883 623 883 820 876 821 871 820 832 778 832 778 831 771 824 766 824"/></Shape>
	    <String CONTENT="Graces a Dieu: par uoix bien accordee."
                    HPOS="107"
                    VPOS="823"
                    WIDTH="714"
                    HEIGHT="60"></String>
          </TextLine>

          
          
          <TextLine ID="eSc_line_d96a8575"
                    TAGREFS="LT390"
                    BASELINE="332 913 859 919" 
                    HPOS="331"
                    VPOS="869"
                    WIDTH="528"
                    HEIGHT="60">
            <Shape><Polygon POINTS="749 871 737 871 724 871 714 871 696 889 692 893 551 893 542 883 536 878 536 876 534 876 518 871 509 871 496 871 484 871 476 871 474 872 470 870 458 870 446 870 433 870 421 870 418 870 409 871 402 870 395 870 383 870 370 870 357 870 345 870 343 870 332 874 332 913 331 919 448 926 450 926 451 926 464 923 477 919 642 919 659 926 661 926 662 926 694 920 706 927 709 928 710 928 857 929 859 919 859 893 828 869 826 869 825 869 824 869 823 869 783 879 771 871 762 871"/></Shape>
	    <String CONTENT="Chrestiente. Pausa."
                    HPOS="331"
                    VPOS="869"
                    WIDTH="528"
                    HEIGHT="60"></String>
          </TextLine>

          
          
          <TextLine ID="eSc_line_fce64939"
                    TAGREFS="LT389"
                    BASELINE="102 961 668 958" 
                    HPOS="101"
                    VPOS="913"
                    WIDTH="567"
                    HEIGHT="61">
            <Shape><Polygon POINTS="657 918 644 917 632 917 619 917 606 917 594 917 581 917 568 917 556 917 543 917 542 915 517 918 503 915 493 915 480 915 471 915 466 918 461 915 455 915 442 915 434 914 418 918 402 914 391 914 383 914 376 919 115 913 113 913 112 913 111 913 101 918 102 961 102 974 136 967 667 967 668 958 667 919 663 918 657 918"/></Shape>
	    <String CONTENT="Pour euiter peche dingratitude/"
                    HPOS="101"
                    VPOS="913"
                    WIDTH="567"
                    HEIGHT="61"></String>
          </TextLine>

          
          
          <TextLine ID="eSc_line_63ea28a0"
                    TAGREFS="LT389"
                    BASELINE="104 1009 643 1004" 
                    HPOS="103"
                    VPOS="960"
                    WIDTH="540"
                    HEIGHT="55">
            <Shape><Polygon POINTS="520 960 508 960 506 960 501 966 474 960 470 960 462 960 443 966 383 960 381 961 369 961 366 961 359 967 270 961 268 961 255 961 242 961 238 961 165 968 127 961 126 961 125 961 103 970 104 1009 104 1013 641 1015 643 1004 641 966 539 966 520 960 520 960"/></Shape>
	    <String CONTENT="Qui faict retraict ⁊ reuocation"
                    HPOS="103"
                    VPOS="960"
                    WIDTH="540"
                    HEIGHT="55"></String>
          </TextLine>

          
          
          <TextLine ID="eSc_line_2414b940"
                    TAGREFS="LT389"
                    BASELINE="104 1056 589 1052 869 1058" 
                    HPOS="103"
                    VPOS="1001"
                    WIDTH="766"
                    HEIGHT="67">
            <Shape><Polygon POINTS="862 1022 849 1009 836 1009 824 1008 811 1008 799 1008 786 1006 773 1006 768 1006 738 1009 733 1005 723 1005 716 1001 702 1001 701 1001 639 1011 637 1011 633 1011 562 1005 558 1005 546 1005 533 1005 524 1005 505 1011 503 1011 500 1011 481 1006 470 1006 458 1006 453 1011 452 1011 448 1011 422 1006 419 1006 409 1006 398 1010 396 1011 395 1010 389 1006 381 1006 369 1008 356 1008 343 1008 342 1008 336 1009 327 1008 318 1008 305 1008 293 1008 280 1008 268 1008 264 1008 257 1010 252 1011 103 1010 104 1056 104 1059 222 1059 230 1061 244 1066 245 1066 246 1066 269 1062 283 1059 288 1062 298 1067 299 1067 300 1067 302 1067 313 1062 321 1059 337 1062 364 1067 365 1067 396 1063 424 1059 433 1063 441 1067 442 1067 443 1067 445 1067 452 1063 460 1059 493 1064 500 1064 501 1064 522 1064 643 1059 652 1066 653 1067 654 1067 656 1067 657 1067 676 1066 733 1061 742 1067 743 1067 744 1067 745 1068 868 1068 869 1058 863 1027 862 1022"/></Shape>
	    <String CONTENT="De tous biensfaictz: mettons cure ⁊ estude"
                    HPOS="103"
                    VPOS="1001"
                    WIDTH="766"
                    HEIGHT="67"></String>
          </TextLine>

          
          
          <TextLine ID="eSc_line_37b29dd2"
                    TAGREFS="LT389"
                    BASELINE="99 1097 766 1100" 
                    HPOS="99"
                    VPOS="1051"
                    WIDTH="667"
                    HEIGHT="63">
            <Shape><Polygon POINTS="744 1056 732 1056 724 1056 709 1059 708 1059 706 1059 691 1054 681 1054 680 1054 673 1059 672 1059 670 1058 653 1053 644 1053 614 1058 603 1059 598 1058 585 1053 584 1053 582 1053 465 1056 350 1058 343 1054 340 1054 327 1054 323 1054 309 1058 266 1054 264 1056 251 1056 238 1056 226 1056 213 1056 201 1056 188 1056 175 1056 171 1056 149 1058 132 1056 125 1056 112 1056 111 1052 99 1051 99 1097 99 1111 125 1105 135 1111 136 1112 137 1112 139 1112 140 1112 159 1111 223 1106 260 1111 275 1112 276 1112 278 1112 279 1112 281 1111 290 1105 383 1105 393 1110 395 1112 396 1112 398 1112 399 1112 460 1110 533 1106 537 1109 541 1112 541 1114 542 1114 543 1114 544 1114 546 1114 555 1109 558 1107 561 1109 570 1114 571 1114 572 1114 764 1107 766 1100 766 1061 747 1056 744 1056"/></Shape>
	    <String CONTENT="A rendre grace/ en grand mansuetude"
                    HPOS="99"
                    VPOS="1051"
                    WIDTH="667"
                    HEIGHT="63"></String>
          </TextLine>

          
          
          <TextLine ID="eSc_line_b17ce0ef"
                    TAGREFS="LT389"
                    BASELINE="101 1147 599 1144" 
                    HPOS="99"
                    VPOS="1100"
                    WIDTH="500"
                    HEIGHT="61">
            <Shape><Polygon POINTS="101 1147 101 1157 209 1154 227 1158 240 1161 241 1161 256 1158 285 1153 299 1158 304 1161 305 1161 307 1161 331 1158 398 1152 426 1159 427 1159 428 1159 429 1159 431 1159 432 1159 452 1152 461 1158 462 1158 464 1158 465 1158 508 1153 536 1159 537 1159 538 1159 539 1159 555 1152 562 1159 563 1159 565 1159 566 1161 598 1161 599 1144 596 1105 109 1100 108 1100 107 1100 106 1100 99 1104 101 1147"/></Shape>
	    <String CONTENT="Au medecin de ma sanation."
                    HPOS="99"
                    VPOS="1100"
                    WIDTH="500"
                    HEIGHT="61"></String>
          </TextLine>

          
          
          <TextLine ID="eSc_line_b6fc43eb"
                    TAGREFS="LT390"
                    BASELINE="332 1191 541 1188" 
                    HPOS="331"
                    VPOS="1145"
                    WIDTH="210"
                    HEIGHT="53">
            <Shape><Polygon POINTS="446 1145 415 1152 414 1152 413 1152 399 1145 394 1145 389 1145 375 1152 352 1145 343 1147 337 1147 331 1150 332 1191 332 1198 539 1196 541 1188 537 1150 470 1150 457 1145"/></Shape>
	    <String CONTENT="Le docteur."
                    HPOS="331"
                    VPOS="1145"
                    WIDTH="210"
                    HEIGHT="53"></String>
          </TextLine>

          
          
          <TextLine ID="eSc_line_a2ad4520"
                    TAGREFS="LT389"
                    BASELINE="107 1240 594 1235" 
                    HPOS="106"
                    VPOS="1188"
                    WIDTH="488"
                    HEIGHT="63">
            <Shape><Polygon POINTS="384 1191 371 1191 366 1191 361 1192 346 1196 295 1192 254 1188 252 1188 227 1191 180 1197 170 1191 169 1190 168 1190 166 1190 165 1190 106 1190 107 1240 107 1251 150 1244 178 1250 179 1250 180 1250 182 1250 235 1243 255 1249 256 1249 257 1249 261 1249 367 1241 410 1246 423 1248 424 1248 592 1243 594 1235 590 1195 399 1195 394 1192 391 1191 384 1191"/></Shape>
	    <String CONTENT="Il a purge toute corruption"
                    HPOS="106"
                    VPOS="1188"
                    WIDTH="488"
                    HEIGHT="63"></String>
          </TextLine>

          
          
          <TextLine ID="eSc_line_52d28dab"
                    TAGREFS="LT389"
                    BASELINE="104 1287 696 1284" 
                    HPOS="104"
                    VPOS="1234"
                    WIDTH="592"
                    HEIGHT="120">
            <Shape><Polygon POINTS="687 1249 672 1241 672 1241 659 1239 649 1235 611 1241 590 1234 589 1234 587 1234 586 1234 584 1234 584 1236 581 1236 561 1246 548 1239 547 1239 546 1239 544 1239 498 1241 491 1236 482 1236 470 1238 457 1238 452 1238 446 1244 413 1238 407 1238 394 1238 393 1238 378 1248 364 1238 356 1238 351 1238 342 1245 324 1239 318 1239 305 1239 298 1239 211 1260 204 1286 192 1286 179 1286 166 1284 154 1284 141 1284 128 1284 116 1284 115 1284 104 1287 104 1325 241 1329 242 1330 269 1351 270 1351 271 1351 292 1353 293 1354 369 1354 369 1353 370 1353 391 1345 399 1351 400 1351 402 1351 403 1351 404 1351 405 1351 421 1341 445 1347 446 1347 447 1347 480 1344 481 1344 482 1344 482 1342 486 1339 493 1332 513 1340 542 1351 543 1351 544 1351 546 1351 567 1342 599 1351 600 1351 601 1351 641 1345 670 1340 694 1346 696 1284 695 1264 687 1249"/></Shape>
	    <String CONTENT="De uil peche, dont estiez infectee:"
                    HPOS="104"
                    VPOS="1234"
                    WIDTH="592"
                    HEIGHT="120"></String>
          </TextLine>

          
        </TextBlock>
        
        <TextBlock HPOS="733"
                   VPOS="1280"
                   WIDTH="148"
                   HEIGHT="75"
                   ID="eSc_textblock_d35a432b"
                   TAGREFS="BT1114">
          <Shape><Polygon POINTS="733 1280 733 1355 881 1355 881 1280"/></Shape>
          
          
          <TextLine ID="eSc_line_9583056a"
                    TAGREFS="LT389"
                    BASELINE="747 1332 873 1330" 
                    HPOS="745"
                    VPOS="1288"
                    WIDTH="128"
                    HEIGHT="83">
            <Shape><Polygon POINTS="859 1292 847 1292 834 1291 821 1291 809 1291 796 1289 783 1289 771 1288 758 1288 748 1288 745 1289 747 1332 747 1371 787 1371 787 1370 788 1370 804 1365 828 1355 872 1356 873 1330 866 1297 859 1292"/></Shape>
	    <String CONTENT="Puis"
                    HPOS="745"
                    VPOS="1288"
                    WIDTH="128"
                    HEIGHT="83"></String>
          </TextLine>

          
        </TextBlock>
        

        
      </PrintSpace>
    </Page>
  </Layout>
</alto>
