948 1514
55 70 597 56 Deuant trouuer leur sens moral:

53 116 503 55 Par lessusdictz uint heresie/

51 158 575 64 Hardis/ suyuantz leur frenaisie:

50 206 571 62 Et affermantz sans auoir texte

50 253 577 59 Plusieurs notables de leur teste/

49 300 502 53 Contraires a la Loy diuine/

51 345 523 59 Par leur sophistique doctrine

49 391 632 59 Et puis ilz ont tant faict de gloses/

53 439 612 59 (Ausquelles sont erreurs encloses)

51 485 533 58 Quilz ont a la lettre adiouste/

49 529 488 58 Et du uray texte tant oste/

53 576 585 58 Quilz ont destruict lintelligence/

53 624 516 59 Du S. Esprit par uiolence.

55 671 615 56 Item ilz ont mis tous leurs cures/

47 720 551 58 A uendre ⁊ achepter des cures/

51 762 591 60 Tellement quon a rien a romme/

50 808 598 62 Sans payer dargent une somme.

94 862 504 52 Procedons en autre matiere

47 899 570 62 Sans en rien laisser au derriere:

45 947 494 61 Apres les places cerebrines/

45 997 444 52 Pectorales, ⁊ intestines/

45 1039 442 62 Et regions superieures/

46 1086 486 59 De lurine, aux inferieures

42 1134 624 63 Uenons: ha? quelles sont masisses/

45 1179 611 65 Et nottes/ il fault que les cuysses/

50 1226 543 102 Iambes/ ⁊ piedz ayent trauail

679 1271 123 81 Tout
