962 1524
76 81 520 62 Ien ay du blanc ⁊ du clairot/

72 128 494 63 Duquel uin uoulez uous:

299 175 197 67 Laueugle.

69 214 219 65 Du doulx/

67 264 591 66 Et du plus fort qui pourra estre/

67 312 586 63 Car pour le uous dire a la lettre/

69 359 566 65 Ie nay cure de ces uins moulx/

67 406 562 65 Le blanc est bon contre la toux

67 450 465 60 Et le clairet tresexcellent/

64 495 506 61 Cest ung uin fort ⁊ uiolent

66 543 546 66 Si doulx quil se laisse aualler/

67 590 537 65 Le blanc est pour faire parler/

69 637 530 67 Grec ⁊ hebrieu tout a la foys.

292 683 201 61 Le uarlet.

67 726 555 72 Nous auons failly toutessoys/

67 775 387 69 De laisser benedicite.

296 825 200 60 Laueugle.

68 866 456 64 Desprit lay dit en uerite/

66 914 552 70 Deuant mestre assis a la table.

293 963 196 59 Le uarlet.

64 1004 612 74 Desprit en coeur? maistre notable/

63 1054 527 72 Cela sent ung peu son luther.

292 1106 201 53 Laueugle.

63 1144 554 68 Contre tes ditz ie ueulx lucter/

63 1197 600 64 Car on doibt plus chanter desprit/

66 1239 467 66 En uerite S. Paul lescrit

67 1287 556 80 Que lon ne faict a pleine uoix.

754 1351 61 63 Le
