972 1518
311 61 230 73 Le medecine.

88 121 535 63 La grace auoir premierement

87 170 596 61 Luy fault/ ⁊ uouloir luy donner/

84 215 551 59 Et bon coeur/ de la demander.

82 260 649 71 Car lhomme ne peult nul bien faire/

82 308 530 61 De Lesperit ne luy faict faire:

78 352 530 61 Retiens cela/ ⁊ ten remembre.

312 403 241 63 Inspiration.

73 437 635 82 Elle se destruict membre a membre,

74 492 553 63 Cest pitie de la ueoir destordre:

73 538 535 65 Si bien subit on ny met ordre/

74 584 536 61 Il mest aduis quelle mourra.

344 635 225 60 Le medecin.

72 671 372 65 Non fera/ elle uiura

68 719 566 64 En ce siecle et en lautre monde:

65 769 600 73 Et combien quelle soit immunde,

67 818 562 78 Par peche en plusieurs suppos,

64 863 486 62 Elle aura une foys repos:

63 909 592 68 Et si nest sans grace/ ⁊ sens: ains

62 953 674 69 Tousiours elle a des membres sains:

63 1003 535 67 Pose que soit en petit nombre/

54 1049 669 67 Et quon ne les iõgnoit pour lombre/

56 1095 562 59 Et la merueilleuse abondance/

55 1142 579 62 Des membres mis en doleance,

54 1189 610 60 Car pour ung membre sain: ie dis

56 1237 566 100 Quelle en ha des malades dix/

551 1283 243 74 C 5 Et poͬ
