974 1520
129 70 487 60 Car appetit iay de manger/

149 110 623 66 Ie ne puis plus mon pain gaigner:

135 154 708 93 Du pain pour Dieu pour me resourdre.

358 206 202 54 Le uarlet.

136 245 498 66 Chrestiente est toute sourde.

135 296 599 73 Crions bien hault pour le potage.

362 347 199 62 Laueugle.

139 378 607 76 Du laict caille, ou du frommage,

140 439 610 68 Ou ce quil uous semble bon estre.

365 487 198 58 Le uarlet.

139 513 632 89 Hela mon Dieu, ie uouldroys estre

142 578 431 66 En paradis auec uous.

366 625 202 57 Laueugle.

140 668 614 67 Pour Iesus Christ, secourez nous

142 714 637 73 Helas, nous mourrons par famine.

363 767 222 52 Chrestiente.

140 806 601 73 Uoyez quil nous faict layde mine

140 857 445 61 Ce belistre retors uilain,

148 904 554 63 Oy, ie luy donneray mon pain.

142 951 545 59 Et mon argent, a ce caymand:

142 990 620 72 Dehors, dehors uillain, meschant,

143 1045 555 60 Uous uenez cy pour truander,

144 1089 573 63 Et pour mon argent demander,

149 1137 481 61 Ie lay uoue en aultre lieu,

145 1179 548 86 A S. Claude âŠ a S. Matthieu:

815 1226 81 116 Cest
