958 1514
310 60 225 58 Le medecin.

84 107 496 59 Son nom est ung deriuatif

82 158 527 56 De mon nom: car chrestiente

82 199 618 63 Uient de Christ son uray primitif.

82 246 597 61 Donc en son nom/ est Christ ente:

79 291 386 61 Chrestiente: en lunite

88 338 548 60 Foy ⁊ bonte: de Christ procede:

79 384 470 58 Mais elle perd sa dignite/

82 430 593 63 Quand par son peche elle excede.

337 481 234 57 Inspiration.

82 521 546 63 Il y fault donc mettre remede/

79 572 593 62 Mais dont uient linconuement?

329 615 225 62 Le medecin.

76 656 658 69 Scauez uous dont ce mal luy uient/

75 707 620 63 Cest une ignorance moult griefue/

78 754 559 63 Qui loeil de la teste luy criefue:

75 801 456 58 Cest adire lentendement.

79 852 437 56 Il ya desia longuement

76 895 490 61 Que Chrestiente est debile/

74 943 482 61 Et a bien faire mal habile/

71 984 529 64 Et de faut/ uns temps a este

73 1034 561 61 Quelle a congneu sa paourete:

70 1079 577 62 Mais peche par uaine plaisance

74 1127 499 61 Luy a oste la congnoissance

70 1174 521 59 De son mal/ ⁊ iacture amere:

71 1223 504 100 Par quoy ignorance la mere

599 1221 225 131 B 5 De
