960 1514
72 75 658 62 Ung paoure homme na point damy/

70 119 533 67 Il ne si fault ia trop attendre.

294 169 201 51 Le uarlet.

69 206 616 63 He? uueillez uostre main estendre/

66 259 743 66 Sur ce paoure homme qui ne uoit goutte:

295 309 202 55 Laueugle.

66 352 503 55 A ce mur/ ame ne mescoutte:

66 399 563 64 Ma teste pour neant se combat:

298 447 246 53 Bon oeuure.

66 489 473 63 Mon amy sans nul debat

68 537 499 61 Nattendez plus/ il ny a ame

65 582 622 62 Uenez tantost/ mais que ma dame

65 630 511 62 Soit de son esbat retournee.

293 678 223 57 Chrestiente.

65 717 570 66 Helas est il femme de mere nee/

64 770 577 60 Plus fortunee/ abbatue ⁊ remise

65 816 756 62 Que moy? las non. Ie suis nuyt ⁊ iournee/

70 866 620 57 Importunee/ estrangement menee/

61 909 736 54 Abandonnee/ a grandz maulx ⁊ submise.

63 956 708 62 Las? suis ie mise/ ainsi par chose omise/

64 1009 755 54 Ou coulpe admise/ encontre mõ sauueur/

69 1052 692 58 Ie sens en moy une tresgrand chaleur.

61 1095 515 60 Quelle ualeur/ quelle sante/

60 1144 558 52 Quelle couleur/ quelle beaulte/

60 1191 513 53 Ay ie eu: qui suis Chrestiente

60 1231 473 93 De Iesus christ instituee?

548 1280 274 91 B 2 Pour
