970 1520
144 70 492 60 Tous les malades, ⁊ iront

142 107 599 72 Les boyteux droictz, ladres sanez,

144 158 445 67 Les aueugles illuminez,

140 201 529 70 Mais ie nay point ouy parler

147 247 564 68 Quon soit guary pour sen aller

142 295 588 69 A saincte larme en uandosmoys:

150 343 538 72 Il est bien uray que si tu croys

144 390 583 71 En Iesus Christ de bon courage:

144 435 525 72 Quil fera en toy tel ouurage/

147 477 538 74 Que tu feras passer les montz

147 529 526 66 Par la uertu de ses sermons.

150 568 591 83 Ie nay que faire des papistiques.

147 619 696 75 Qui ont presche pour lcurs practiques.

147 659 755 80 Que ung lieu est plus sainct q̃  nest lautre:

149 710 668 79 Ou que ung ymage faict de peaultre,

144 761 435 71 A le pouoir de miracler:

147 804 518 77 En Leuangile est mis a cler:

148 849 577 75 Qui uous dira que Christ est la,

147 900 460 69 Ne croyez nullement cela:

152 946 451 69 Il dit a la Samaritaine/

148 988 621 78 Qui ne luy fault en la montaigne/

148 1041 435 64 Nen Hierusalem adorer

150 1085 524 70 Tant seulement: aincois orer

150 1127 594 76 Et prier ung seul Dieu par tout.

150 1176 538 71 Si a mes dictz tu donne escout

155 1219 571 132 Dieu est Esprit qui quiert auoir

798 1261 113 94 Ado¬
