962 1520
96 68 764 59 Nont poĩt cõgneu/ cõe on doibt au ciel tẽdre

96 117 759 61 Par grace en foy/ sans oeuures iudaiques.

97 160 664 65 Or delaissez leurs sentences obliques

97 209 648 62 Subtilitez/ ⁊ songes phantastiques/

95 260 763 59 Uous appliquãs/ au diuin uerbe entendre

96 301 760 58 Sãs doubte auoir/ dengin soit dur ou tẽdre

97 348 755 59 Que Christ uoꝰ ueult faire enfans deifiq̃s

95 400 756 63 Par grace en foy/ sans oeuures iudaiques/

96 440 251 60 en son escolle/

97 486 383 62 Sainct Paul recolle

98 535 296 56 Que cest de foy:

98 580 284 60 Or ty consolle.

98 625 307 61 Tu seroys folle/

95 673 257 55 Si par la loy/

95 716 352 65 De Pape/ ou Roy/

96 765 374 57 Uouloys sans moy/

96 811 487 57 Monter a la saincte carolle

95 860 519 58 Des bienheurez en bel arroys/

93 906 448 61 Chrestiente aura requoy/

93 950 541 59 Par seule foy sans monopole/

95 995 612 65 Qui ha la foy/ il est le filz de Dieu

92 1045 544 57 Et a pouoir/ dit S. Matthieu:

92 1090 569 60 Dessus la puissance infernalle/

95 1137 581 58 Qui a la foy/ il uaincq le diable/

93 1184 401 61 Par foy on est iustifie/

92 1229 350 111 Et de salut certifie:

612 1269 235 80 A 3 Par
