956 1522
126 76 734 63 De Iesus Christ, de faict ⁊ non par rolle.

125 121 580 56 Chrestiente tu doibs ꝑsalmodier

128 167 754 63 Par cest escrit/ qui nest faict dhuy ne dhyer:

128 214 637 67 Pour ton salut souuent cela recolle.

354 262 212 58 Esperance.

128 301 675 65 Ce sainct scauoir auras en ton escolle/

137 351 638 65 Il adoulcit lhomme marry en colle:

128 399 585 63 Et qui le ueult souuent estudier/

128 442 685 71 Bienheureux est qui garde la parolle.

350 498 164 54 Charite.

126 535 615 64 Comparaison, a luy ne sequipolle:

126 582 692 67 Car ce scauoir, destruict erreur friuolle:

126 630 582 67 Contre heresie, il peult remedier/

130 677 470 66 Hypocrisie, aussi repudier.

124 721 614 67 A celle sut dit, qui sa uoix extolle:

126 767 690 71 Bienheureux est, qui garde la parolle.

132 816 537 71 Il fault chasser Peche dehors.

351 867 243 56 Bon oeuure.

124 909 442 66 A te faire faisons essors/

125 958 502 60 Par les ieusnes  oraisons:

129 1001 616 64 Que nous saisons toutes saisons/

126 1050 596 58 Sans discerner places ne heures:

125 1103 620 51 Ny conuentz/ naucuncs demeures:

129 1142 545 59 Nulles ordres, nulles rasures.

128 1187 594 61 Nulz nombres, ⁊ nulles mesures/

130 1234 626 100 Nulz iours solennelz, nulles festes/

817 1278 74 94 Ne
