980 1522
158 76 499 59 Il faul espandre le uaisseau

149 121 500 59 Du preseruatif tout a coup.

375 169 136 58 Peche.

149 204 587 69 Ie croy quelle est prinse a ce coup/

148 261 556 59 Plus ny fault fillet ny aguille/

137 301 650 60 Couleuure/ ou limonneuse anguille/

149 352 554 56 Ne fit onc mais si beaulx saulx

149 395 607 67 Quelle aura aux premier assaulx/

147 443 501 65 Car ie lay mise en mal estat.

374 492 221 52 Chrestiente.

148 528 566 68 Le coeur pres lestomach me bat:

148 580 654 69 Mon chef fend, mon fiel uoult en ire:

151 632 460 57 Ie ne demande que debat,

148 678 564 60 Le coeur pres lestomach me bat.

147 722 638 55 Mes mains entre elles font combat,

148 771 583 59 Les cheueulx de mon chief ie tire:

148 815 565 61 Le coeur pres lestomach me bat,

147 858 673 69 Mon chief fend/ mon fiel boult en ire.

369 909 209 60 Hypocrisie.

152 948 515 66 Il uous fault aller dune tire

148 999 495 63 En uoyage a S. Mathelin/

151 1045 487 62 Ie croy que cest S. Auertin,

149 1092 629 58 Faictes chanter pour uous la messe

149 1138 537 60 Du S. Esperit: ma maistresse

151 1185 511 63 Faictes aussi une neufuaine.

148 1232 461 106 Et si ieusnez la triollaine/

770 76 142 68 fundit.

776 126 101 90 bas.

832 1278 73 58 Et
