1146 1520
296 131 581 57 Allons a Christ/ cest le plus seur:

295 173 508 57 Car luy seul uerite enseigne.

297 221 648 55 ¶ Il nous appelle/ en uoix benigne:

295 271 592 53 Uiens ten a moy/ paoure pecheur

295 316 452 57 Et ie te seray soullageur:

297 358 524 63 Croyons cela/ cest sa doctrine.

296 410 590 57 ¶ Chantons noel toute sepmaine

292 454 454 60 Roger tu feras la teneur/

295 499 527 62 Et Thomin la contreteneur/

296 547 552 55 Uoila cõment le chãt se maine.

295 595 564 54 ¶ Allons querir nostre uoisine:

295 642 608 59 Car chascun doibt estre enseigneur

297 689 500 54 De uerite: de paour derreur

295 735 531 56 Annõceons donc/ ceste gesine.

299 786 631 56 ¶ Par grace en foy sans faire mine

295 827 674 60 Christ ueult sauuer/ en grãd doulceur

299 876 686 56 Tous les pecheurs/ contrictz en coeur:

299 923 576 63 Cõme sainct Paul le determine.

344 1013 614 58 ¶ Autre Noel nouueau sur le chãt

348 1062 573 61 Na tu point ueu la Peronnelle.

405 1109 512 60 Hantons noel du filz Marie/

399 1157 489 61 Par doulx accord spirituel/

300 1205 492 56 Elle nen sera point marrie:

302 1250 481 68 Chantons noel/ noel/ noel.

302 1117 94 93 C

911 173 68 56 bis

916 358 66 58 bis

911 545 72 57 bis

911 737 74 50 bis

918 922 67 58 bis
