1146 1520
168 126 579 61 ¶ Sa mere estoit uierge pucelle/

171 172 623 58 Qui tousiours fit son mandement:

168 217 592 62 Pour lhõnorer faisons cõme elle/

169 264 543 59 Seruons a son filz seulement.

172 312 545 54 ¶ Il la remply de toute grace/

171 355 584 60 Gloire ⁊ hõneur/ a Dieu en soit:

168 411 576 48 Retournõs nous deuers sa face/

168 450 516 55 A luy tout seul cela on doibt.

169 499 582 58 ¶ Marie est temple ⁊ tabernacle/

168 544 524 57 Auquel Iesus Christ reposa:

169 591 587 60 En nous est faict un tel miracle/

178 642 504 58 Sainsi par foy croyons cela.

173 686 615 56 ¶ Ie croy quau ciel/ na nulle dame

171 732 630 60 Qui ayme Dieu/ de meilleur coeur:

171 780 546 61 Qui en dit mal/ ou la diffame/

173 827 543 60 Il est meschant ⁊ un menteur.

172 874 626 57 ¶ Ton redempteur/ O bien heures

172 922 475 57 Tu as conceu/ ⁊ lalaictas:

171 969 527 53 Mais uierge tu es demouree/

171 1014 609 57 Neuf moys en ton corps le portas.

173 1061 526 61 ¶ Tu es en Syon confermee/

185 1108 442 61 Ie dis en contemplation/

174 1156 613 62 Ton filz ta tousiours bien gardee/

171 1204 412 58 Comme fille delection.

174 1250 605 83 ¶ Dame haulte plus que Cypres/
