1145 1523
304 126 546 63 Par foy en Christ tu as repos/

304 177 535 56 Nous lattendons aussi apres/

304 215 611 64 Dieu faict des siens a son propos.

303 265 656 62 ¶ Nous chanterõs rendantz louenge

300 308 517 63 A un seul Christ Noel Noel/

299 359 509 61 Car il ny a ny sainct ny ange

300 403 531 56 Qui fut iamais Emmanuel.

302 449 613 66 ¶ Chantons Noel a nostre espoux

302 497 606 65 Par foy en luy nostre ame est pure

304 543 559 64 De chanter chascun soit ialoux

303 590 683 62 Dun chãt de coeur qui tousiours dure.

346 684 628 67 ¶ Autre Noel nouueau sur le chant

347 733 508 58 Si de bon coeur uous ayme.

406 780 431 61 Hantons ie uous en prie

399 827 332 56 Noel ioyeusement

302 873 430 62 De Christ filz de Marie

302 922 391 55 Nay temporellement:

300 967 408 53 Chantons Noel Noel/

302 1012 359 54 Pour le roy eternel/

300 1064 249 52 A sa natiuite:

302 1107 368 55 Nous a donne liesse/

302 1153 323 53 Et a grace inuite.

303 1196 400 59 ¶ Marie sans tristesse

303 1243 421 82 Enfanta Iesus Christ:

308 790 82 86 C
