1145 1523
300 147 433 59 Pour obeyr a son credit:

302 187 598 68 Et puis que ainsi a Dieu plaisoit

299 236 514 66 Ce fut faict cõme il auoit dit.

303 279 565 70 ¶ Par la uertu du sainct esprit/

302 329 373 59 A ce mot de credulite

299 370 609 72 Conceut son sauueur Iesus christ/

300 425 480 67 La uierge en son integrite:

302 464 638 75 Et quãd par neuf moys leust porte/

305 519 518 62 En Bethleem trespurement/

309 564 498 66 Sans corrumpre uirginite/

307 613 473 58 Elle enfanta diuinement.

302 653 568 74 ¶ Au naistre de ce nouueau roy/

309 705 551 66 On a ueu signes merueilleux:

305 752 497 71 Lestoille luyst: en bel arroy/

305 795 539 74 Les sages sont uenuz ioyeux:

308 846 534 70 Les anges chantz melodieux/

311 890 583 72 Ont faict: en annõceant la paix/

305 937 522 70 A la uenue au dieu des dieux

307 989 510 60 Ce quon nauoit ouy iamais.

309 1030 592 72 ¶ Les sages tresparfaictz en sens

312 1081 485 65 Ont adore le filz de Dieu:

309 1124 613 72 En apportant/ or/ myrrhe/ encens/

308 1173 557 68 Comme recite sainct Matthieu:

309 1220 549 61 Et les pasteurs uenuz au lieu/

311 1266 539 85 En la cresche lont trouue mis/
