1145 1523
139 152 474 54 Et recline tout au millieu:

139 204 474 52 Notez bien cela mes amys.

140 244 546 64 ¶ Les sages sen sont retournez

139 293 504 59 En leurs pays ioyeusement:

139 342 427 56 A herodes ne sont allez/

140 384 581 62 Dont il est trouble grandement:

140 435 551 57 Et les pasteurs ont dit cõment

142 477 430 63 Le uerbe diuin estoit ne/

143 524 529 61 On sesbahist du preschement/

142 571 453 55 Et en est on tout estonne.

144 616 588 57 ¶ O roy des cieulx Dieu eternel

144 663 546 61 De tout le monde plasmateur:

143 710 510 64 Par le moyen de lenfant bel/

144 758 478 56 Lequel seul est mediateur/

148 803 631 62 Faictz nous pardon: Cest le sauueur

147 850 609 63 Lequel est mort pour les humains

145 897 616 58 Au nom duquel chantons de coeur

147 944 510 59 Noel noel/ a ioinctes mains.

192 1031 617 69 ¶ Autre Noel nouueau sur le chant

198 1082 355 61 O paoure tresorier.

253 1128 341 57 Hantons noel noel

255 1182 322 50 En toute diligence

153 1220 391 59 Le sainct ⁊ iuste ⁊ bel/

152 1271 497 75 Congnoissant sa souffrance/

151 1135 93 93 C

646 1317 63 70 B
