1146 1520
306 146 686 59 ¶ Lhõe sans foy tousioͬs cõmet follie/

306 202 614 45 Et si ne poeut iamais rien meriter/

309 238 660 55 Par franc uouloir/ helas mais irriter

309 285 682 57 Le doulx Iesus/ qͥ les pecheurs dessie.

309 331 643 57 ¶ Si le seigneur la maison ne edifie/

308 380 604 55 En y mettant de sa grace la main/

308 424 680 54 Perdent leurs tẽps ⁊ labeurẽt en uain/

306 469 644 60 Ceulx qui la font/ ie le uous certifie.

309 516 651 59 ¶ Aussi celuy qui na de dieu la grace/

309 564 663 56 Labeure en uain/ car ꝑ nul de ses fais

309 611 622 57 En paradis aller/ ne poeut iamais

308 656 690 54 Pour gloire auoir ⁊ cõtempler sa face.

311 701 687 53 ¶ Que ferõs noꝰ dõcq̃s bergerõnettes

310 751 666 55 Pour auoir part auec le roy des roys?

311 796 685 59 Chantõs noel/ noel par doulx arroys/

309 843 674 52 Et lexprimõs ꝑ foy ⁊ oeuures nettes.

313 889 683 55 ¶ Par la uertu de sa saincte euangile/

311 936 684 55 Serons sauuez ⁊ aurõs paix en nous/

313 982 645 59 Et en croyãt a Iesus nostre espoux/

310 1026 688 63 De ce chantons noel par chãps ⁊ uile.

360 1118 640 61 ¶ Autre Noel nouueau sur le chant

361 1167 475 52 Lautre iour iouer malloye

357 1212 549 66 Au ioly boys pour mon plaisir.
