1146 1520
163 129 90 102 C

253 134 581 57 hantons noel tous en grãd ioye/

256 183 557 61 A seruir Christ/ prenons plaisir:

153 226 473 64 Cest uerite/ la uie/ ⁊ uoye:

159 274 604 56 Quon doibt ca bas suyure ⁊ tenir:

158 321 260 59 Il est notoire.

157 368 297 52 Chantons Noel

155 415 628 60 A lhonneur du grand roy de gloire.

158 459 666 65 ¶ Tu es uray dieu/ aussi uray hõme/

158 506 518 61 Du roy Dauid es descendu/

157 553 679 61 Pour nous sauuer pour toute somme/

159 600 571 65 Par toy pardon nous est rendu/

155 647 270 58 Aussi ta grace/

163 696 275 57 Iesus sauueur

157 741 565 59 Retourne a nous ta saincte face.

160 786 532 62 ¶ Tu as este mis en la cresche

158 833 489 56 Et uisite/ des pastoureaux

158 881 494 61 Et lestoille/ les sages dresse

159 928 678 62 Qui sont uenuz sur grãdz chameaux

158 976 368 57 Pour faire offrande

157 1019 272 61 A toy seigneur

158 1067 598 59 De mes pechez pardon demande.

159 1115 657 63 ¶ Huyct iours apres/ tu fus au tẽple:

157 1164 503 58 Entre pecheurs/ la circoncis

158 1208 634 65 Pour nous laisser le sainct exemple

160 1260 618 64 Quen nous peche/ doibt estre occis:

623 368 76 50 bis

677 696 60 57 bis

632 1024 79 56 bis

594 1305 120 73 B .iii.
