1146 1520
302 116 523 57 ¶ Nostre pere qui es es cieulx

302 158 535 63 Sanctifie soit ton sainct nom/

299 205 456 63 Et ton royaume precieux

300 257 635 57 Rous aduiengne/ fais nous en don:

299 298 504 63 Pere tressainct/ pere tresbon/

301 345 320 59 Nous tes enfantz

301 391 563 62 De toy seul attendons pardon/

300 440 658 61 Tu las promis aux urays croyantz.

300 488 570 60 ¶ Soit accomply le uouloir tien

296 532 503 59 En la terre/ cõme est au ciel:

296 577 427 61 Et nostre pain cottidien

296 625 516 60 Donne nous O pere eternel

294 675 399 59 Aussi le pain spirituel/

292 718 260 61 Qui est la foy

292 763 507 62 En Christ ton filz coeternel/

294 810 652 65 Lors suis mangeãt/ quand ie le croy.

294 857 631 65 ¶ Pardonne nous tous noz pechez/

292 904 571 62 Ainsi que nous les pardonnons

291 950 525 64 A ceux qui nous ont offensez:

291 996 615 64 En Iesus Christ lexemple auons/

291 1045 550 64 Pardonnant aux iuifz felons:

294 1093 285 52 O pardonneur

292 1136 616 62 De toy tout seul grace attendons/

292 1181 608 66 Pour paruenir au parc dhonneur.

294 1231 603 86 ¶ Nostre seigneur ne nous induitz
