1146 1520
316 117 681 62 De uoz bouches/ sortir parolle ĩmude/

320 163 670 62 Tous uoz ꝓpos serõt en saincte ioye.

318 210 682 61 ¶ Chãtez noel/ noel en uoix profonde/

315 255 682 64 Et delaissez de uoz chãtz prẽdre proye:

318 302 687 56 Gardez uous biẽ q̃ le loup ne cõfonde

315 348 687 58 Brebis/ moutõs/ poulle/ chappõ ⁊ oye.

319 399 674 53 ¶ Aucuns de uous ont relaxe la bõde

316 443 686 58 A tout peche/ poͬ dieu quõ y pouruoye:

316 488 671 63 Car tout le mal/ qui au brebis abonde

318 535 688 60 Souuẽt prouiẽt/ du pasteur qͥ desuoye.

316 582 689 62 ¶ Apollo uient/ lequel par sa faconde

320 627 686 67 Faict ẽdormir Argus soubz la soulsoye

315 682 671 53 Puis Apollo/ accourt qui de sa fonde

318 723 687 62 Le met a mort/ on a biẽ froit soubz saye

321 771 686 61 ¶ Paourespasteͬs/ uoici ou ie me fõde

320 818 685 57 Suyuez Iesus/ qui iamais ne foruoye

319 862 669 57 De luy tout biẽ ⁊ tout hõneur redõde:

320 910 639 65 Allez a luy par foy/ il uous cõuoye.

367 1003 635 57 ¶ Autre Noel sur le chãt de lhymne:

368 1050 528 59 Uerbum supernum prodiens.

431 1098 457 57 Erbe diuin/ uerbe eternel/

432 1143 572 61 Qui es uenu pour les humains:

323 1190 540 58 A ton honneur chantons Noel

330 1236 511 102 Ioyeusement ⁊ soir ⁊ mains.

325 1107 94 93 U
