1146 1520
304 121 504 61 Une chose de coeur parfaict/

302 163 662 65 Cest quil me doint maison dhonneur/

304 211 480 62 Pour le merite quil a faict.

306 255 659 70 ¶ Or faict en soit son sainct uouloir/

304 305 655 62 Non point le mien/ qui ne uault rien/

302 350 532 62 Et qui de soy ne poeut ualoir

301 397 553 60 Chose qui soit/ ie lentends bien.

302 445 631 66 ¶ Gaultier/ Robin/ ⁊ toy Margot/

301 490 633 63 Uoyla quon doibt croyre ⁊ chanter/

301 537 656 68 Non point sans foy cõme ung bigot/

301 585 566 66 Qui ne faict rien que barbotter.

367 634 616 67 ¶ Autre Noel nouueau sur le chant

363 680 458 59 A lombre dun buyssonnet

366 730 384 56 A lore dune saulsoye.

375 775 429 61 Ouys chanter langelot

375 820 375 62 A lore dune saulsoye/

297 865 521 58 Qui disoit uien ten Guillot

295 912 550 65 Uers Bethleem prendre uoye/

295 958 437 64 Et la uerras (beny soye)

297 1008 515 52 Le filz de Dieu nouueau ne/

299 1055 555 58 Il uient pour te mettre en ioye/

295 1102 502 60 Ne crains point destre dãne.

295 1147 506 56 ¶ Alors prins mon palletot/

294 1193 528 67 Et Taupin le chien quauoye/

294 1245 439 72 Puis ioue de mon flaiot

290 772 87 94 I

886 1105 72 59 bis
