1146 1520
294 528 125 91 M

292 146 587 63 En uain Christ sauueur auroye/

295 192 516 58 Quand ie leuz bien blasonne

299 239 405 59 Finalement luy disoye

300 287 474 60 Ie ne crains destre damne.

339 381 632 57 ¶ Autre Noel nouueau sur le chant

341 423 640 64 Dieu gard de mon coeur la tresgẽte

342 472 484 61 Gente de corps ⁊ de facon.

409 518 508 55 Oderateur/ qui tout regente

409 566 531 54 A toy soit la gloire ⁊ honneur/

296 610 566 60 Lhõme nest que chair pestilente/

302 656 638 66 Ingrat/ meschant/ remply dhorreur:

296 705 644 55 Nest ce point donc grand deshõneur/

297 752 457 59 Glorifier telle uermine?

295 800 529 56 Roy eternel/ oys ma clameur:

297 844 543 62 Et ton aureille a moy encline.

297 890 661 61 ¶ Nous te louons dieu plein de grace

295 937 506 61 Et confessons par uiue foy/

295 988 545 57 Et lexprimons en toute place/

294 1033 578 61 Croyantz que seul es nostre roy/

295 1077 534 63 A toy honneur faict le charroy

297 1123 582 61 Des cherubins ⁊ des puissances/

296 1169 682 67 Disant Sainct/ sainct/ saĩct par arroy/

297 1217 618 57 Et par motez pleins daccordances.

299 1264 488 74 ¶ Au chrestien il est notoire

845 288 86 49 bis
