1146 1521
152 152 678 63 Que terre ⁊ cieulx/ sont de toy pleins/

149 198 468 52 Et la maieste de ta gloire/

150 247 599 59 Redonde par montz ⁊ par plains/

150 294 679 62 De ton hault ciel/ oys noz complains/

148 339 492 61 Et noz desirs ⁊ noz prieres:

148 392 579 51 A toy nous esseuons noz mains/

148 433 563 58 Ne regarde point noz manieres.

149 479 488 58 ¶ La glorieuse compaignie

149 524 500 61 Des apostres/ a grand desir

147 569 422 60 De te louer en melodie/

148 618 587 61 Les prophetes prendront plaisir/

147 665 464 56 Le confesseur ⁊ le martyr:

145 709 582 61 Et tous les sainctz de ton eglise/

147 756 588 60 Lesquelz tont uoulu seul choisir/

148 803 565 60 Te loueront sans nulle feintise.

147 850 484 52 ¶ Tu es le pere uenerable/

147 896 507 58 Pere tressainct/ pere tresbon/

147 941 597 65 Ton sainct filz/ le uerbe ineffable

147 992 561 60 Nous a cy bas presche ton nom/

145 1035 436 63 Et reuele en son sermon/

148 1082 660 61 Ton sainct esprit nous le faict croyre/

148 1133 583 57 Pere plus doulx que balsamum/

147 1177 581 56 Aye de nous tousiours memoire.

150 1221 597 61 ¶ O Iesus Christ auquel ie crye/

152 1268 628 75 Tu nas point eu honte/ ne horreur
