1146 1520
315 150 577 65 De prendre chair dedans Marie

316 203 525 55 Pour deliurer Adam derreur/

316 249 582 62 Tu as prins lhabit dun pecheur/

315 301 519 56 En demourant en innocence/

315 338 593 67 De la mort aussi fus uainqueur/

318 391 440 59 Par amour ⁊ obedience.

318 433 522 58 ¶ Tu as ouuert le lieu celeste

318 482 461 62 Par ta passion ⁊ ta mort/

323 526 566 65 Troys iours apres te manifeste

319 571 636 67 Aux tiens/ en leur donnant confort:

319 618 572 68 Satan tu uainqs ⁊ son renfort/

319 668 437 60 Par uictoire spirituelle:

320 711 519 66 Ce nous doibt estre reconfort

323 757 598 66 Que foy nous faict uictoire telle.

323 811 536 56 ¶ Tu es assis aupres du pere/

323 855 419 60 A la dextre de equalite:

321 896 629 67 En toy mon dieu tout sainct espere:

323 948 412 60 Car il entend la uerite/

325 995 433 58 Tu es par tout en deite/

323 1038 648 67 Mais tõ saĩct corps a ung lieu ꝓpre:

324 1088 553 57 Car es haultz cieulx il est mõte

328 1132 632 63 Tout clair/ ⁊ non uestu de pourpre.

325 1178 649 59 ¶ Tu reuiendras un iour au mõde/

327 1226 579 63 Pour iuger les bons ⁊ mauuais:

325 1271 491 79 Adonc en la fosse profonde/
