1146 1521
152 529 83 106 T

149 122 588 57 Portantz de mal le pesantz fais/

150 168 551 53 Seront iettes/ tous les infectz:

150 212 597 60 Et les eleuz en moult grand ioye/

149 261 488 54 Auecques toy scront refais:

150 306 476 56 Car ainsi tu les y conuoye.

197 405 521 51 ¶ Noel nouueau sur le chant

199 444 529 64 Le cueur est mien qui oncques

196 496 254 51 ne fut pris ⁊c.

253 536 590 63 Oute ma uie en la foy biẽ appris:

253 588 584 59 Ie chãteray noel: a lõgue allaine/

153 635 663 54 Chantez Robin/ Iaq̃t ⁊ Magdaleine/

154 684 620 54 De bien chãter/ ne serez pas repris.

153 726 743 61 ¶ Lhõneͬ ð dieu/ en uoz chãtz soit cõpris/

152 773 680 59 Cõsiderez que Christ en bonne estraine

153 821 667 57 A respandu pour la nature humaine/

153 864 674 62 Son digne sang: qͥ nauoit riẽ mespris.

155 917 685 55 ¶ Huyct ioͬs ap̃s qͥl uĩt en ce pourpris

158 959 662 60 Il fut porte/ au temple sainct ⁊ digne

154 1011 579 53 La circõcis/ puis p̃sente/ en signe

154 1050 672 60 Questoit nostre rancon: ⁊ nostre prix.

155 1101 712 58 ¶ Il fut nõme Iesus: nom de sauueur/

154 1149 691 57 Nom au seul quel/ on doibt auoir fiãce:

154 1193 754 55 Nom merueilleux/ ⁊ nom plein de puissãce/

157 1242 686 68 Duq̃l Dauid chãtoit/ en grãd doulceͬ.

674 1297 44 54 C
