1146 1520
240 114 714 59 ¶ O seigñr dieu/ seigñr sainct en Syon/

239 165 675 57 Cõbien ton nom/ dessus toute la terre/

242 209 734 58 Est admirable/ car par luy lhumain gẽre/

239 253 557 61 Sera sauue/ du rugissant lyon.

242 297 755 61 ¶ Or tõ saĩct nom plꝰ hault q̃ toꝰ les cieulx

240 347 552 59 Est esleue: en claire refulgence/

242 391 755 65 En grand hõneur/ ⁊ en grande excellence/

242 440 712 59 Cõme appartiẽt a toy/ le dieu des dieux.

244 492 691 52 ¶ Pour te louer maugre tes ennemys/

243 533 755 66 Des purs enfantz/ tu as ouuert la bouche/

244 583 695 65 Ce qui a faict/ au faulx diable farouche

245 628 601 63 Confusion: car a mort tu las mis.

247 673 757 66 ¶ Or ay ie espoir/ q̃ les haultz cieulx uerray

248 719 756 65 Qui de tes doigtz sont oeuures suꝑnelles:

249 767 638 65 Tu as fonde/ la lune ⁊ les estoilles/

245 813 669 61 En te uoyant/ le tout congnoisteray.

248 863 737 62 ¶ Quest ce de lhõe/ ⁊ des enfantz Dadã?

253 905 702 69 Fors q̃ peche/ lequel regne en ses mẽbres

247 952 660 65 Ce nonobstãt/ de luy tu te remembres

248 1001 655 61 Comme lauoys promis a Abraham.

252 1045 760 63 ¶ Seigñr ton Christ/ un peu amoindry as

252 1096 760 66 Des anges saĩctz en sa mort: mais courõne

249 1142 659 63 Eut ⁊ hõneur: apres oeuure si bonne:

251 1189 593 66 Car au tiers iour/ tu le resuscitas.

256 1240 675 67 ¶ Auãt que lhõme/ eut peche cõtre toy/
