1146 1521
171 158 665 58 Douailles ⁊ beufz/ auoit la seignorie

173 207 509 57 Incontinent/ elle fut deperie

169 256 717 53 Quand eut peche/ en trãsgressant ta loy.

166 301 734 61 ¶ Tous les oyseaulx de diuerses facons/

171 344 651 65 Finalemẽt (pour son regne parfaire)

164 391 676 65 A luy subiectz/ les auoys uoulu faire:

164 438 672 62 Et de la mer/ aussi tous les poissons.

164 485 691 63 ¶ Par Iesus Christ/ lhõme est cõstitue

162 532 577 63 En liberte/ ⁊ grace euangelique:

160 577 704 66 Car il na point prins nature angelique

164 626 606 60 En son hõneur/ lhõme est restitue.

162 678 664 55 ¶ Ainsi concludz seigñr tresflorissant

164 726 755 56 Que ton nom est/ par sus tous admirable/

162 765 694 63 Par lequel seul/ on surmonte le dyable/

162 812 634 56 La chair aussi/ ⁊ le monde attyrant.

162 861 757 59 ¶ Hũbles pasteͬs gouuernãtz uoz brebis/

162 908 692 59 Nourrissez les par la saincte escripture/

160 954 702 61 Elle est aux doulx le pain ⁊ la pasture/

162 1000 758 62 Que dieu substraict aux orguilleux rabis.

162 1049 528 51 ¶ Chãtez noel/ noel noel noel

160 1093 732 59 Par sainctz accordz/ ⁊ sans uoix dissolue

160 1143 683 59 Ne chãtez plus chanson/ orde ⁊ pollue/

164 1188 672 61 Ou uous ferez/ ung pleur perpetuel.

248 1237 633 62 ¶ Autre Noel nouueau sur le chant:

249 1282 520 93 Lamour de moy si est enclose.

707 1347 84 49 C .ii.
