1146 1520
318 152 82 100 I

409 150 466 55 E chanteray noel ma pose/

401 198 495 55 En exposant de profundis/

316 243 594 59 Auquel Dauid par profondz ditz

321 293 557 59 La grace de dieu nous propose.

321 336 601 64 ¶ De ceste abysme tant profonde/

319 391 477 53 A toy ie crye mon seigneur/

320 431 564 56 Affin que mon humble clameur

324 476 560 64 Iusque a tes aureilles redonde.

321 525 577 57 ¶ Ton aureille soit entendante/

323 573 577 59 Pour exaucer ma paoure uoix,

324 615 577 62 Tu la congnois bien ⁊ la uoys/

323 663 621 65 Mon coeur est ta grace attendante.

325 713 637 58 ¶ Sa mes pechez tu prenois garde/

325 757 537 60 Las qui le pourroit soustenir?

324 809 538 56 Ne me uueilles rigueur tenir/

324 851 573 59 Mais par pitie/ ma foy regarde.

325 903 548 54 ¶ Car enuers toy y a clemence/

334 941 553 69 Ie le congnoys bien par la foy/

325 991 600 59 Puis que ne poeux garder ta loy/

325 1041 633 58 Prens ton chier filz pour recõpense.

327 1084 655 66 ¶ A ton sainct dict sattend mon ame/

327 1133 513 60 Pourtant ie nen seray deceu/

328 1183 536 57 Par ton esprit ie lay congneu/

332 1224 527 60 Qui si fie/ naura nul blasme.

330 1270 485 75 ¶ De la ueille matutinale

186 193 125 95 Ps̈.129.

188 239 118 52 De ꝓ¬

190 287 109 65 fundis
