1146 1521
157 131 481 59 Espoire en Dieu/ o Israel

155 181 391 56 Et ce te soit continuel

159 223 486 64 Iusques a la uespertinale.

155 271 510 59 ¶ Car en toy est misericorde/

157 316 499 64 Salut aussi a grand foison/

158 365 515 60 Tu las monstre en la saison/

157 411 557 55 Bienheureux est qui le recorde.

159 458 512 60 ¶ Et iceluy par sa puissance/

159 505 462 57 Tout Israel/ racheptera/

159 552 596 57 Et de tous ses maulx absouldra/

159 598 497 57 Satisfaisant de son offence.

230 643 561 56 ¶ Noel qͥ se chãte sur le Psalme

233 692 488 63 In exitu Israel de egypto.

258 737 327 58 La uenue de Noel

252 782 598 64 Pasteurs: chãtez un chãt nouuel.

163 831 614 58 ¶ Le roy Dauid met au psaultier/

160 878 586 61 Cõme on doibt Dieu magnifier.

164 921 681 67 ¶ Pasteͬs/ laissãtz uoz dieux de boys/

163 973 529 60 Seruez a dieu le roy des roys.

166 1017 594 57 ¶ Chantez a dieu comme Dauid/

164 1065 483 64 Et confessez ce qui sensuyt.

166 1117 668 52 ¶ Non pas a nous non pas seigneur/

169 1164 615 59 Mais a ton nom donne lhonneur.

168 1209 477 55 ¶ A cause de tant de bonte/

168 1252 421 99 Qui est en toy ⁊ uerite.

157 745 92 100 A

860 1110 107 68 Ps̈.113.

853 1167 125 52 Nõ no¬

854 1210 128 52 bis dñe.

561 1299 95 67 C .iii.
