1146 1520
297 131 595 57 ¶ Pourquoy dit le peuple gentil:

299 181 570 43 Leur dieu maintenant: ou est il?

299 219 609 60 ¶ Nest ce point ce mocquer de dieu/

299 264 597 64 De son sainct nom/ ⁊ peuple eleu.

299 312 641 60 ¶ Certes/ nostre dieu aux cieulx est/

297 355 605 66 Toutes choses quil uoeut il faict.

296 407 507 51 ¶ Leurs idoles/ or ⁊ argent/

299 453 642 56 Sont/ ⁊ oeuures des mains de gent.

299 501 658 61 ¶ Ilz ont bouches/ sans point parler:

294 547 579 59 Et ont les yeulx/ sans regarder.

297 594 617 63 ¶ Ilz ont aureilles sans rien ouyr:

302 640 563 63 Ilz ont des nez/ sans rien sentir.

296 690 645 59 ¶ Ilz ont mains/ ⁊ ne touchent pas.

294 734 635 58 Et de leurs piedz, ne font nulz pas.

294 780 627 64 ¶ Nen leur gosier poeuuent sonner:

292 827 493 54 Brief ne faire/ dire/ penser.

294 876 623 58 ¶ Semblables a eulx seront faictz/

294 922 565 57 Qui les auront/ forgez ⁊ faictz.

291 967 571 62 ¶ Et qui en eulx fiance auront/

295 1020 478 55 Finalement perduz seront.

292 1061 443 63 ¶ Aye/ ton espoir Israel

289 1109 555 61 Au seul seigneur Dieu eternel.

290 1157 485 61 ¶ Et toy la lignee Daron/

287 1204 455 60 Car cest layde ⁊ lescusson.

291 1259 659 92 ¶ Uous qui le hault seigñr craignez/
