1146 1521
159 761 78 99 S

149 157 496 59 Au seigneur esperance ayez.

150 198 611 65 ¶ Car cest luy seul quest le confort/

150 249 557 64 De tous les siens/ ⁊ le support.

152 294 666 64 ¶ Uoyla quon doibt souuent chanter/

150 343 416 57 Et en esprit le recorder.

153 385 525 64 ¶ Chantez noel ioyeusement/

152 432 540 62 Dauid met de quoy ⁊ cõment.

153 479 716 64 ¶ A dieu uous dis urays pastoureaulx/

154 528 711 62 Gardez des loups tous uoz aigneaulx.

199 623 616 57 ¶ Noel nouueau du Psalme.64.

201 671 609 62 sur le chant: Si par souffrir on

202 717 471 57 poeut uaincre fortune ⁊c.

244 759 630 66 I par chãter/ on poeut auoir aucune

244 812 597 58 Bõne fortune/ ⁊ en dieu demourer

155 858 732 63 Un beau noel/ des psalmes ueulx chãter:

158 904 686 60 Or lentendez tous chascun ⁊ chascune.

158 950 702 64 ¶ O mõseigñr/ tu es le Christ tresdigne

157 998 620 60 Destre en syon/ deuant tous adore/

159 1045 610 61 Tu soys par nous seruy ⁊ hõnore/

157 1090 740 64 De coeur/ de uoeux/ de cãtiques ⁊ hymne.

158 1139 719 62 ¶ Uueille exaucer (sire) tous noz prieres

162 1185 551 63 Faictes en foy/ ⁊ selon la raison

159 1225 718 71 De ton sainct lieu/ tu oys nostre oraison/

158 1282 697 70 Enseigne nous/ les facons ⁊ manieres.

675 1329 109 63 C .iiii.
