1146 1520
310 146 686 64 ¶ A tes enfantz/ demõstre toy propice/

311 191 682 67 Les deffendãtz/ de leurs persecuteurs/

308 244 561 57 Aye pitie de tous tes seruiteurs/

309 286 651 63 Sans les iuger selon ta grãd iustice.

311 330 687 67 ¶ Biẽheureux sõt ceux q̃ tu ueux elire

311 382 606 62 Pour habiter en tes estres ⁊ lieux/

310 426 685 65 Certaĩ est quõ ne peult au mõde mieux

310 472 565 63 Pour te seruir ⁊ louenge te dire.

310 520 648 66 ¶ Car de tous biẽs y aura abondãce/

311 568 616 52 Lesquelz tu as promis a tes amys/

313 615 685 63 Nul oeil ne peult uoir/ nẽ coeͬ estre mis

310 663 687 60 Ce qua promis/ aux tiens par puidẽce.

314 706 665 66 ¶ O bon seigneur en qui est lesperãce

313 754 682 63 De toutes fins que lon poeut estimer/

310 804 666 62 En terre/ fleuue/ ⁊ en loingtaine mer/

311 849 639 60 Exauce nous tu en as la puissance.

313 895 688 62 ¶ En cõfermant par uertu souueraine

314 943 684 62 Les mõtz/ iẽtendz tes seruiteͬs loyaux

313 988 684 63 qͥ chãterõt/ hymnes/ ⁊ uers nouueaux/

314 1036 677 64 A tõ nasquir/ delaissãtz ioye mõdaine.

314 1083 653 60 ¶ Les habitãs des regiõs extremes/

314 1134 688 59 Sont uenuz ueoir par grãde humilite

313 1175 602 65 En Bethleem le lieu de paourete:

315 1223 687 77 Mais tu tonoys/ es haultz cieulx ⁊ su¬

836 1279 168 80 (premes.
