1146 1521
149 147 668 60 ¶ Les pastoreaux du pays Iudaique

150 187 580 69 Te sont uenuz uisiter/ en ce lieu/

148 235 641 66 Et tout selon lordonnance de Dieu:

147 281 694 70 Cõme il appert/ par la uoix angelique.

149 334 661 65 ¶ Uueille en yurer/ de ta grace diuine

149 376 617 71 Les fruictz germez/ ⁊ leur posterite

149 424 620 65 Pour leur dõner/ ioye en fecundite/

149 471 615 61 Et abreuuer de leau de ta doctrine.

150 512 680 73 ¶ Chãtõs noel pasteͬs ⁊ pastourelles,

152 564 684 63 Graces rendantz a lenfãt nouueau ne:

149 609 635 65 Certes sans luy le mõde estoit dãne/

152 657 552 75 Et deiecte/ es peines eternelles.

196 750 644 71 ¶ Autre Noel sur le chãt/ Chãgeõs

193 803 637 62 propos/ cest trop chãte damours ⁊c.

248 835 660 76 Hãgeõs ꝓpos/ cest trop chãte damoͬs

245 892 655 71 Chãtõs a dieu (pasteͬs) autre cãtique:

152 935 651 63 Car il a faict merueilles en ces iours/

154 982 675 70 Quãd il nous a dõne son filz unique/

154 1031 681 61 Or redoublons pour luy nr̃e musique/

154 1077 729 67 Nespargnõs point/ noz tãbours ⁊ cornetz

154 1126 729 65 Poͬ biẽ chãter/ faut auoir les coeurs netz.

155 1172 720 73 ¶ En Bethleẽ Iesus est nay pour nous/

154 1221 574 62 Nostre iustice/ ⁊ nostre salutaire/

155 1267 663 98 Nostre aduocat/ nostre frere ⁊ espoux/

157 859 83 86 C
