1146 1520
231 149 710 62 Le brachs de dieu/ puissant a salut faire/

231 203 684 60 En certain temps il est uenu parfaire/

234 249 617 61 Quand il a eu de nous compassion

234 296 710 59 Souffrant pour tous la mort ⁊ passion.

234 345 752 51 ¶ Toutes les fins de la terre ont bien ueu/

233 388 755 60 Quil est uray dieu/ sur toꝰ admerueillable

231 435 691 52 Et maintenant par lange lauons sceu/

235 483 725 60 Lequel est nay pour nous en une estable:

239 535 709 57 Ie ne quiers rien/ qua luy estre agreable/

231 578 528 56 Et le seruir desprit en uerite/

230 623 587 61 A quoy faire/ nul lieu nest limite.

235 670 575 60 ¶ En equite/ en iustice ⁊ en droit

239 719 581 58 Il iugera les peuples de la terre:

233 765 702 58 Dainsi iuger/ rien prendre ne uoudroit

237 810 727 57 Or allons donc en Bethleem grand erre/

234 860 685 58 La uerrons nous la uerite qui ne erre/

234 906 683 56 Non en tauerne/ ains en la cresche mis:

235 951 624 63 Pensez cela pasteurs de bien remis.

233 998 724 63 ¶ Note cecy/ paoure orguilleux mondain

233 1047 616 58 En ce uoyant oste ton arrogance/

233 1094 663 63 Le filz de dieu est mis dessus du foyn/

231 1141 756 66 Et a grãd froid/ mais tu dors a plaisance/

231 1188 662 62 Cõpte rẽdras a luy de ceste oultrance/

235 1237 530 61 Et en la fin tu en diras helas:

233 1280 734 81 Amendez uous bergiers/ seigñrs/ prelatz.
