1146 1520
231 421 99 92 P

229 136 493 60 La marguerite ⁊ perle fine/

230 183 335 62 Qui point ne fine.

273 273 666 58 ¶ Noel sur le Psalme.99. Iubilate

273 319 673 59 deo oĩs terra. Et se chãte sur le chant

276 366 710 63 Puis quen amours a si beau passe tẽps.

342 415 602 57 Renez en dieu/ uostre esiouyssemẽt

342 464 568 56 Qui habitez/ en ce bas territoire:

234 506 695 60 Craindre le fault/ ⁊ seruir promptemẽt/

238 553 656 62 Gardãt sa loy/ desprit ⁊ a luy croyre.

238 600 725 59 ¶ Humbles en coeur/ de prõpte uolunte/

239 647 667 61 Presentez uous deuant sa digne face:

242 694 595 62 Esperez bien/ de sa grande bonte/

240 742 627 56 Et attendez de luy pardon ⁊ grace.

243 786 728 65 ¶ Sachez pour uray/ qͥl est dieu ⁊ seigñr/

245 834 605 60 Qui nous a faictz a sa similitude:

244 884 663 54 Du monde/ cest le digne gouuerneur/

245 927 537 57 Nostre loyer/ nostre beatitude.

245 974 705 63 ¶ Cõfesser fault/ quil est nostre pasteur/

245 1024 717 56 Et nous sommes ouailles de sa pasture/

247 1071 688 60 A luy rendons/ toute gloire ⁊ honneur/

251 1118 712 57 Hymnes chãtãtz/ certes cest la droicture.

252 1165 705 63 ¶ Louõs son nom qͥ est doulx ⁊ begnin:

252 1213 560 60 Car eternelle/ est sa misericorde/

253 1259 520 103 Sa uerite/ perseuere sans fin
