1146 1521
166 613 90 104 S

154 141 719 65 De siecle en siecle: A luy dõcq̃s te accorde.

153 186 748 70 ¶ Nobles pasteͬs ouurez poͬ dieu uoz yeux

152 231 688 71 Et cõtemplez Iesus Christ en lestable:

153 281 574 67 Laissez plaisirs/ folz ⁊ delicieux:

153 327 674 65 Compte en rendrez/ au iuge ueritable.

204 419 665 66 ¶ Noel nouueau sur le Psalme.84.

202 468 615 60 Benedixisti domine terram tuam.

205 514 645 66 Et se chante sur le chant/ Diure ne

206 562 553 61 puis pour le mal que ie sens ⁊c.

254 610 537 60 Ire ta terre/ as beneys a ce cop/

249 651 592 66 Et a porte le fruict tant salutaire/

164 699 680 70 Quil a mis hors les captifz de Iacob/

168 747 725 69 On ne doibt point un si grãd salut taire.

167 797 715 64 ¶ A ton peuple as remis tous ses pechez/

168 840 652 66 Et as couuert toute uillaine ordure:

169 885 685 70 Dont ilz estoiẽt certes tous empeschez/

169 935 691 67 Mais par ton filz tu en as faict la cure.

172 981 755 63 ¶ Mieulx ne pouõs/ q̃ a luy seul retourner:

173 1027 654 70 O sire dieu/ fais nous a luy retraire/

172 1076 673 64 Conuertis nous a toy, sans seiourner:

174 1121 715 64 Et ne permetz lennemy nous substraire.

177 1166 725 66 ¶ Dieu tout puissant ⁊ seigñr immortel/

177 1214 724 68 Estendras tu/ sur le paoure humain gẽre

180 1257 616 86 Ire ⁊ courroux? qui soit perpetuel/
