1146 1520
247 141 722 68 En luy faisãt tousiours mortelle guerre.

248 188 600 57 ¶ Nenny nenny/ tu te conuertiras

247 235 651 65 En demonstrant ta bonte ⁊ ta grace/

245 283 611 61 Et par ainsi/ ton peuple esiouyras

245 328 704 63 Quand il uerra ta saincte ⁊ digne face.

243 377 668 63 ¶ Apres q̃ aurõs longuemẽt souspire/

244 423 567 53 Ouure le sain de ta misericorde:

242 468 688 58 Que nous uoyõs le shrist tant desire/

240 516 690 62 Pasteur de paix/ ⁊ pasteur de concorde.

239 567 640 58 ¶ Alors ie orray ce quil dira en moy/

237 608 554 63 Et de present a cela me dispose/

238 656 707 64 Tresuoluntiers lorray sans nul esmoy:

233 700 688 68 Biẽheureux est/ qui norra autre chose.

233 749 607 64 ¶ A tous ses sainctz euangelizera/

233 794 610 62 De ceste paix la ioyeuse nouuelle/

230 843 591 62 Sans oublier cil qui linuoquera:

228 890 632 57 Car par luy seul aura uie eternelle.

228 936 758 68 ¶ mais toutesfois des hũblescraignãsdieu

226 981 662 64 Plus pres sera/ le salut a toute heure:

226 1029 705 60 Grace de dieu est tousiours pres du lieu

224 1076 744 65 Des urays croyãtz/ cest sa ꝓpre demeure.

224 1126 513 58 ¶ Misericorde/ ⁊ aussi uerite

223 1167 614 68 Dames dhõneur/ si se sont raliees:

223 1219 592 61 Iustice ⁊ paix/ en parfaicte unite

223 1270 538 66 Finalement/ sont reconciliees.
