<?xml version="1.0" encoding="UTF-8"?>
<alto xmlns:xsi="http://www.w3.org/2001/XMLSchema-instance"
      xmlns="http://www.loc.gov/standards/alto/ns-v4#"
      xsi:schemaLocation="http://www.loc.gov/standards/alto/ns-v4# http://www.loc.gov/standards/alto/v4/alto-4-2.xsd">
  <Description>
    <MeasurementUnit>pixel</MeasurementUnit>
    <sourceImageInformation>
      <fileName>50_26c8c_default.jpg</fileName>
      <fileIdentifier>https://www.e-rara.ch/zuz/i3f/v20/165893/full/full/0/default.jpg</fileIdentifier>
    </sourceImageInformation>
  </Description>
  
  <Tags>
    <OtherTag ID="BT734" LABEL="MainZone" DESCRIPTION="block type MainZone"/><OtherTag ID="BT735" LABEL="MarginTextZone" DESCRIPTION="block type MarginTextZone"/><OtherTag ID="BT736" LABEL="QuireMarksZone" DESCRIPTION="block type QuireMarksZone"/><OtherTag ID="BT738" LABEL="GraphicZone" DESCRIPTION="block type GraphicZone"/><OtherTag ID="BT739" LABEL="DropCapitalZone" DESCRIPTION="block type DropCapitalZone"/><OtherTag ID="BT740" LABEL="NumberingZone" DESCRIPTION="block type NumberingZone"/><OtherTag ID="BT741" LABEL="StampZone" DESCRIPTION="block type StampZone"/><OtherTag ID="BT930" LABEL="TitlePageZone" DESCRIPTION="block type TitlePageZone"/><OtherTag ID="BT932" LABEL="DamageZone" DESCRIPTION="block type DamageZone"/><OtherTag ID="BT933" LABEL="TableZone" DESCRIPTION="block type TableZone"/><OtherTag ID="BT1366" LABEL="MarginTextZone:handwrittenAddition" DESCRIPTION="block type MarginTextZone:handwrittenAddition"/>
    <OtherTag ID="LT248" LABEL="DefaultLine" DESCRIPTION="line type DefaultLine"/><OtherTag ID="LT249" LABEL="HeadingLine" DESCRIPTION="line type HeadingLine"/><OtherTag ID="LT250" LABEL="DropCapitalLine" DESCRIPTION="line type DropCapitalLine"/>
  </Tags>
  
  <Layout>
    <Page WIDTH="1146"
          HEIGHT="1520"
          PHYSICAL_IMG_NR="50"
          ID="eSc_dummypage_">
      <PrintSpace HPOS="0"
                  VPOS="0"
                  WIDTH="1146"
                  HEIGHT="1520">
        
        <TextBlock HPOS="141"
                   VPOS="101"
                   WIDTH="739"
                   HEIGHT="1224"
                   ID="eSc_textblock_f038a076"
                   TAGREFS="BT734">
          <Shape><Polygon POINTS="146 101 141 1325 880 1318 880 101"/></Shape>
          
          
          <TextLine ID="eSc_line_ae12f1ec"
                    TAGREFS="LT248"
                    BASELINE="166 158 869 163" 
                    HPOS="164"
                    VPOS="115"
                    WIDTH="705"
                    HEIGHT="68">
            <Shape><Polygon POINTS="862 127 849 124 836 120 824 116 811 116 798 116 785 116 783 116 749 120 744 120 742 120 732 116 722 116 709 116 701 120 698 120 693 120 674 116 671 116 659 116 646 116 633 116 622 116 583 119 573 119 571 119 565 116 557 116 545 116 532 116 519 116 507 116 505 116 494 117 491 116 481 116 469 116 456 116 452 116 447 117 446 117 443 116 443 116 431 116 418 116 405 116 392 116 380 116 367 116 354 116 342 116 329 116 316 116 304 116 300 116 299 117 264 117 264 116 253 116 240 116 228 116 215 116 202 116 190 116 177 116 173 115 166 115 166 158 164 163 197 171 199 171 249 165 280 178 281 178 282 178 337 173 341 178 342 178 342 179 343 179 344 179 346 179 347 179 381 167 401 167 415 167 439 177 441 177 442 177 494 167 498 167 514 179 515 179 517 179 518 179 519 179 542 168 569 177 570 177 571 177 573 177 574 177 584 168 598 168 636 168 637 169 652 181 654 181 655 181 693 182 694 183 855 183 855 182 856 182 858 182 868 172 869 163 868 127 862 127"/></Shape>
	    <String CONTENT="¶ Lant sest uoulu uers nous humilier"
                    HPOS="164"
                    VPOS="115"
                    WIDTH="705"
                    HEIGHT="68"></String>
          </TextLine>

          
          
          <TextLine ID="eSc_line_3ccf410c"
                    TAGREFS="LT248"
                    BASELINE="163 206 673 203" 
                    HPOS="162"
                    VPOS="160"
                    WIDTH="511"
                    HEIGHT="61">
            <Shape><Polygon POINTS="605 162 593 162 586 162 580 168 561 162 555 162 552 162 545 169 452 169 422 160 415 160 406 160 353 169 180 160 178 160 177 160 176 160 162 168 163 206 163 214 226 212 234 214 254 220 256 220 257 220 258 220 272 214 278 211 283 214 299 220 300 220 301 220 302 220 304 220 304 219 310 214 313 211 342 211 347 214 362 220 363 220 365 221 417 221 417 220 418 220 419 220 419 219 427 212 431 210 502 210 504 212 512 219 513 219 514 219 515 219 550 212 557 211 559 212 566 219 567 219 569 219 570 219 671 211 673 203 670 169 612 162 605 162"/></Shape>
	    <String CONTENT="Celuy qui est uerite ⁊ iustice/"
                    HPOS="162"
                    VPOS="160"
                    WIDTH="511"
                    HEIGHT="61"></String>
          </TextLine>

          
          
          <TextLine ID="eSc_line_b09f199c"
                    TAGREFS="LT248"
                    BASELINE="166 253 782 253" 
                    HPOS="166"
                    VPOS="207"
                    WIDTH="616"
                    HEIGHT="62">
            <Shape><Polygon POINTS="166 253 166 259 226 268 228 269 316 269 316 268 318 268 319 268 319 267 324 262 334 267 335 267 337 267 338 267 339 267 349 260 371 268 372 268 373 268 375 268 400 260 419 268 420 268 422 269 467 269 467 268 469 268 470 268 479 260 584 260 593 268 594 268 595 268 597 268 652 260 660 267 660 268 661 268 663 268 664 269 713 269 713 268 714 268 716 268 730 260 782 260 782 253 782 216 726 207 669 207 668 207 666 207 665 207 655 215 654 216 373 216 371 214 362 207 361 207 360 207 358 207 166 212 166 253"/></Shape>
	    <String CONTENT="Quil est uenu pour nous iustifier:"
                    HPOS="166"
                    VPOS="207"
                    WIDTH="616"
                    HEIGHT="62"></String>
          </TextLine>

          
          
          <TextLine ID="eSc_line_75cb014f"
                    TAGREFS="LT248"
                    BASELINE="164 297 817 302" 
                    HPOS="163"
                    VPOS="254"
                    WIDTH="654"
                    HEIGHT="62">
            <Shape><Polygon POINTS="811 276 806 267 668 267 664 264 638 257 637 257 636 257 580 264 574 264 571 264 548 257 547 257 546 257 545 257 524 263 522 264 519 263 508 258 507 258 505 258 437 263 424 263 423 263 415 255 414 255 413 255 412 255 410 255 394 262 390 263 385 262 354 255 353 255 352 255 335 262 332 263 329 262 323 257 321 257 320 257 319 257 257 260 237 262 231 260 212 254 211 254 210 254 164 259 164 297 163 306 272 312 273 312 275 312 286 307 291 305 292 307 297 311 297 312 299 312 300 312 382 314 384 314 385 314 406 307 414 306 432 307 494 315 495 315 612 309 640 307 646 309 673 316 674 316 675 316 676 316 678 316 690 309 692 309 722 309 723 309 731 316 732 316 733 316 735 316 736 316 737 316 749 309 751 309 815 309 817 302 813 281 811 276"/></Shape>
	    <String CONTENT="Et nous sauuer par sa grace propice."
                    HPOS="163"
                    VPOS="254"
                    WIDTH="654"
                    HEIGHT="62"></String>
          </TextLine>

          
          
          <TextLine ID="eSc_line_362b7fac"
                    TAGREFS="LT248"
                    BASELINE="167 343 770 347" 
                    HPOS="166"
                    VPOS="300"
                    WIDTH="604"
                    HEIGHT="63">
            <Shape><Polygon POINTS="569 301 567 301 566 301 565 301 547 307 546 307 429 301 428 301 311 306 306 306 300 301 300 300 299 300 297 300 296 300 167 305 167 343 166 349 200 361 201 361 202 361 204 361 219 352 230 361 231 361 233 361 234 362 282 362 282 361 283 361 285 361 297 353 297 352 299 353 310 361 311 361 313 361 314 361 315 361 316 361 327 353 330 353 370 362 371 362 372 362 392 355 400 353 455 353 458 357 463 361 463 362 465 362 466 362 467 363 557 363 557 362 559 362 560 362 560 361 562 359 570 353 649 353 656 361 657 362 657 363 659 363 660 363 661 363 674 362 716 354 768 363 770 347 769 310 593 302 592 302 590 302 579 309 570 301 569 301"/></Shape>
	    <String CONTENT="¶ Apres que dieu par sa benignite"
                    HPOS="166"
                    VPOS="300"
                    WIDTH="604"
                    HEIGHT="63"></String>
          </TextLine>

          
          
          <TextLine ID="eSc_line_06b616a2"
                    TAGREFS="LT248"
                    BASELINE="164 391 707 391" 
                    HPOS="164"
                    VPOS="349"
                    WIDTH="543"
                    HEIGHT="57">
            <Shape><Polygon POINTS="164 391 164 397 211 405 212 406 347 406 347 405 348 405 349 405 357 399 420 405 422 405 650 399 673 405 674 405 675 405 707 397 707 391 707 358 590 358 588 355 580 349 579 349 578 349 576 349 546 355 537 357 164 352 164 391"/></Shape>
	    <String CONTENT="A ses eleuz aura grace donnee/"
                    HPOS="164"
                    VPOS="349"
                    WIDTH="543"
                    HEIGHT="57"></String>
          </TextLine>

          
          
          <TextLine ID="eSc_line_2f8e2b44"
                    TAGREFS="LT248"
                    BASELINE="164 434 797 440" 
                    HPOS="163"
                    VPOS="390"
                    WIDTH="634"
                    HEIGHT="67">
            <Shape><Polygon POINTS="361 392 360 392 358 392 357 392 353 393 338 401 306 401 296 392 295 392 294 392 292 392 291 392 286 392 206 399 164 390 164 434 163 450 230 452 231 452 233 452 234 452 235 450 244 445 259 450 263 452 264 452 266 452 267 452 268 452 270 450 280 442 300 450 306 453 308 453 309 454 357 454 357 453 358 453 360 453 363 450 375 443 392 450 400 453 401 453 403 453 433 450 485 444 493 449 498 454 499 454 500 454 502 454 503 454 521 449 542 444 553 449 565 456 566 456 567 457 636 457 636 456 637 456 651 449 660 445 713 445 717 449 725 454 726 454 727 454 728 456 728 454 730 454 731 454 739 449 742 447 794 448 797 440 797 405 775 396 774 396 773 396 679 402 663 402 660 401 652 395 651 395 650 395 594 395 593 395 592 395 580 400 573 402 373 401 365 393 362 392 361 392"/></Shape>
	    <String CONTENT="Remplyz seront/ de grand fecundite"
                    HPOS="163"
                    VPOS="390"
                    WIDTH="634"
                    HEIGHT="67"></String>
          </TextLine>

          
          
          <TextLine ID="eSc_line_bb582bf0"
                    TAGREFS="LT248"
                    BASELINE="167 482 824 488" 
                    HPOS="166"
                    VPOS="438"
                    WIDTH="658"
                    HEIGHT="63">
            <Shape><Polygon POINTS="167 482 166 492 187 497 188 497 190 497 191 497 191 496 195 492 200 487 230 487 239 492 244 497 245 497 247 497 372 499 373 499 375 499 376 499 385 492 391 488 427 488 442 492 469 500 470 500 471 500 505 492 510 491 513 492 521 499 521 500 522 500 523 500 524 500 526 500 527 500 538 492 540 492 597 501 598 501 599 501 631 492 636 491 663 492 774 497 775 497 822 491 824 488 824 453 721 453 717 450 693 442 692 442 690 442 689 442 669 449 665 452 569 452 562 448 548 440 547 440 546 440 496 447 476 449 461 447 429 439 428 439 427 439 412 445 410 445 396 439 395 439 394 439 362 444 348 447 338 444 330 442 329 442 328 442 327 442 325 442 323 444 318 448 306 443 292 438 291 438 290 438 289 438 287 438 287 439 282 443 277 447 167 442 167 482"/></Shape>
	    <String CONTENT="Pour faire fruict en foy preordonnce."
                    HPOS="166"
                    VPOS="438"
                    WIDTH="658"
                    HEIGHT="63"></String>
          </TextLine>

          
          
          <TextLine ID="eSc_line_d84db0bb"
                    TAGREFS="LT248"
                    BASELINE="167 529 830 534" 
                    HPOS="166"
                    VPOS="485"
                    WIDTH="664"
                    HEIGHT="63">
            <Shape><Polygon POINTS="744 488 742 488 741 488 740 488 731 494 725 499 668 499 643 494 602 487 600 487 599 487 598 487 598 488 592 494 589 497 556 497 552 494 543 487 542 487 541 487 420 486 419 486 418 486 399 494 395 495 392 494 382 486 381 486 380 486 379 486 377 486 376 486 367 494 365 495 259 495 257 494 244 485 243 485 242 485 240 485 167 492 167 529 166 539 256 537 261 540 263 543 263 544 264 544 266 544 267 545 292 545 292 544 294 544 295 544 300 540 305 537 309 540 313 544 314 544 315 544 410 545 412 545 413 545 414 545 420 540 423 538 427 540 434 545 436 545 437 545 438 547 495 547 495 545 533 540 545 539 546 540 555 547 556 547 557 547 559 548 605 548 605 547 607 547 608 547 608 545 614 540 616 539 663 539 676 540 740 547 741 547 742 547 744 547 744 545 750 540 829 540 830 534 827 495 797 497 793 494 791 492 791 491 789 491 788 491 787 491 785 491 779 494 773 497 763 494 745 488 744 488"/></Shape>
	    <String CONTENT="¶ Deuant le Christ le iuste marchera/"
                    HPOS="166"
                    VPOS="485"
                    WIDTH="664"
                    HEIGHT="63"></String>
          </TextLine>

          
          
          <TextLine ID="eSc_line_25917925"
                    TAGREFS="LT248"
                    BASELINE="166 576 834 582" 
                    HPOS="164"
                    VPOS="533"
                    WIDTH="670"
                    HEIGHT="67">
            <Shape><Polygon POINTS="166 576 164 582 181 591 182 591 183 591 185 591 186 591 196 583 207 594 209 594 210 594 211 595 235 595 235 594 237 594 238 594 238 592 247 585 256 592 257 592 258 592 259 592 261 592 278 587 297 595 299 595 300 596 318 596 318 595 319 595 320 595 320 594 329 586 330 585 386 585 389 587 392 590 392 591 394 591 395 591 396 591 414 587 432 585 456 589 476 592 477 592 496 590 526 586 531 591 536 595 536 596 537 596 538 596 540 596 541 596 552 591 566 586 613 589 618 594 622 597 623 597 624 597 626 599 666 599 666 597 668 597 669 597 673 595 685 587 699 596 703 599 704 599 706 599 707 599 708 599 714 596 731 589 744 597 746 599 747 599 749 599 750 600 832 600 834 582 832 547 733 538 732 538 731 538 714 545 713 545 702 537 701 537 699 537 698 537 627 544 622 544 500 544 499 543 489 535 488 535 486 535 485 535 448 543 446 543 434 534 433 534 432 534 431 534 429 534 396 542 396 543 325 543 324 542 300 533 299 533 297 533 221 540 218 540 216 540 188 533 187 533 186 533 185 533 166 539 166 576"/></Shape>
	    <String CONTENT="En obseruant de ses preceptz la uoye:"
                    HPOS="164"
                    VPOS="533"
                    WIDTH="670"
                    HEIGHT="67"></String>
          </TextLine>

          
          
          <TextLine ID="eSc_line_ba4d08c8"
                    TAGREFS="LT248"
                    BASELINE="166 623 764 627" 
                    HPOS="164"
                    VPOS="581"
                    WIDTH="600"
                    HEIGHT="54">
            <Shape><Polygon POINTS="166 623 164 630 761 635 764 627 763 591 636 591 635 590 622 583 621 583 619 583 537 589 529 589 528 589 522 582 521 582 519 582 518 582 453 587 439 589 423 587 348 581 347 581 346 581 325 587 321 587 166 586 166 623"/></Shape>
	    <String CONTENT="Et tous ses pas il les ordonnera/"
                    HPOS="164"
                    VPOS="581"
                    WIDTH="600"
                    HEIGHT="54"></String>
          </TextLine>

          
          
          <TextLine ID="eSc_line_7109ab65"
                    TAGREFS="LT248"
                    BASELINE="164 671 850 676" 
                    HPOS="163"
                    VPOS="625"
                    WIDTH="687"
                    HEIGHT="65">
            <Shape><Polygon POINTS="164 671 163 680 233 677 243 682 249 686 251 686 252 687 286 687 286 686 287 686 299 684 324 677 480 677 536 686 553 689 555 689 556 689 561 687 579 680 585 687 586 687 586 689 588 689 589 689 590 690 637 690 637 689 638 689 641 687 661 680 684 687 685 687 687 687 688 687 708 681 722 689 725 690 726 690 727 690 728 690 731 689 749 681 848 690 850 676 849 639 793 639 792 638 774 629 773 629 751 629 750 629 749 629 747 629 747 630 740 638 723 629 722 629 721 629 720 629 698 638 695 638 588 638 588 637 579 629 579 628 578 628 576 628 575 628 398 635 392 635 382 628 382 627 381 627 380 627 379 627 377 627 358 632 337 625 335 625 334 625 253 634 240 625 239 625 238 625 180 625 178 625 177 625 176 625 164 632 164 671"/></Shape>
	    <String CONTENT="A un seul dieu/ non affin quon le uoye."
                    HPOS="163"
                    VPOS="625"
                    WIDTH="687"
                    HEIGHT="65"></String>
          </TextLine>

          
          
          <TextLine ID="eSc_line_6b935afa"
                    TAGREFS="LT248"
                    BASELINE="169 716 826 722" 
                    HPOS="168"
                    VPOS="672"
                    WIDTH="658"
                    HEIGHT="62">
            <Shape><Polygon POINTS="765 676 761 676 730 682 726 684 725 682 717 676 714 676 702 676 689 676 676 675 673 675 671 675 670 675 669 675 669 676 663 681 660 684 593 684 588 681 576 675 575 675 566 675 550 680 545 681 540 680 524 675 512 675 510 673 485 678 477 680 476 678 470 673 461 673 448 673 436 673 423 673 415 673 409 677 404 681 334 681 321 676 310 672 309 672 300 672 296 676 290 681 257 681 247 675 242 672 233 672 228 672 210 675 180 678 172 673 169 716 168 720 247 730 248 730 309 723 313 723 314 723 342 732 343 732 344 732 379 724 380 724 381 724 439 732 441 732 442 732 469 725 472 724 475 725 489 732 490 732 491 732 537 725 543 725 545 727 551 732 551 733 552 733 553 733 555 733 556 733 570 727 604 733 605 733 607 733 608 733 608 732 613 727 616 725 656 725 661 728 676 734 678 734 679 734 680 734 698 728 702 727 703 728 711 734 712 734 713 734 714 734 825 729 826 722 825 685 779 684 772 676 765 676"/></Shape>
	    <String CONTENT="¶ Uoyla que Christ a son naistre fera"
                    HPOS="168"
                    VPOS="672"
                    WIDTH="658"
                    HEIGHT="62"></String>
          </TextLine>

          
          
          <TextLine ID="eSc_line_222c0ba1"
                    TAGREFS="LT248"
                    BASELINE="167 763 846 767" 
                    HPOS="166"
                    VPOS="719"
                    WIDTH="680"
                    HEIGHT="67">
            <Shape><Polygon POINTS="756 722 755 722 754 722 753 722 753 723 750 725 745 730 689 730 671 725 656 722 655 722 654 722 652 722 651 722 651 723 647 725 643 730 622 730 616 725 612 722 611 722 609 722 608 722 607 722 599 725 593 728 588 725 575 720 574 720 573 720 571 720 570 720 564 725 561 727 560 725 555 722 555 720 553 720 552 720 547 720 534 720 522 720 509 720 500 720 499 720 498 720 496 720 490 725 485 729 433 729 431 725 425 722 425 720 424 720 423 720 422 720 366 725 353 727 351 725 333 719 332 719 330 719 329 719 328 719 318 725 316 727 314 725 294 719 292 719 291 719 290 719 289 719 280 727 277 728 229 728 224 727 190 719 188 719 187 719 167 725 167 763 166 771 205 782 206 782 207 784 229 784 229 782 230 782 231 782 244 772 264 782 266 782 267 782 500 772 509 772 510 772 523 784 524 784 526 784 527 785 575 785 575 784 576 784 578 784 594 772 595 772 645 772 669 772 683 785 684 785 685 785 687 786 770 786 770 785 772 785 773 785 785 776 845 772 846 767 844 725 783 729 769 725 758 722 756 722"/></Shape>
	    <String CONTENT="Cõme le dit Dauid le sainct prophete/"
                    HPOS="166"
                    VPOS="719"
                    WIDTH="680"
                    HEIGHT="67"></String>
          </TextLine>

          
          
          <TextLine ID="eSc_line_285f8ca9"
                    TAGREFS="LT248"
                    BASELINE="166 809 749 813" 
                    HPOS="164"
                    VPOS="765"
                    WIDTH="585"
                    HEIGHT="60">
            <Shape><Polygon POINTS="678 767 676 767 673 767 660 767 649 767 647 767 646 767 645 767 645 768 637 775 635 777 630 775 613 767 612 767 585 767 584 767 583 767 581 767 581 768 574 773 570 777 550 773 519 768 518 768 496 773 494 773 493 772 486 767 486 766 485 766 484 766 482 766 470 766 457 766 453 766 452 766 451 766 450 766 450 767 443 772 439 776 292 776 271 770 253 765 252 765 251 765 249 765 238 768 223 775 206 768 195 765 193 765 192 765 166 767 166 809 164 815 278 823 280 823 306 817 313 815 315 817 321 823 323 823 324 823 360 824 361 824 395 818 401 817 403 818 412 824 413 824 414 824 415 824 512 818 542 817 545 818 551 824 551 825 552 825 553 825 555 825 593 819 602 818 609 819 647 825 649 825 678 819 687 818 746 819 749 813 746 777 694 777 690 776 679 767 678 767"/></Shape>
	    <String CONTENT="Nostre ennemy SSatan il desfera/"
                    HPOS="164"
                    VPOS="765"
                    WIDTH="585"
                    HEIGHT="60"></String>
          </TextLine>

          
          
          <TextLine ID="eSc_line_6b0a5001"
                    TAGREFS="LT248"
                    BASELINE="167 860 775 863" 
                    HPOS="166"
                    VPOS="813"
                    WIDTH="609"
                    HEIGHT="71">
            <Shape><Polygon POINTS="167 860 166 874 205 881 206 881 207 881 229 874 237 872 252 874 295 880 296 880 339 874 354 872 362 874 390 882 391 882 392 882 394 882 395 882 405 875 417 882 418 882 419 882 420 882 422 882 442 876 458 882 460 882 461 882 499 877 580 884 581 884 774 874 775 863 774 824 678 815 676 815 675 815 674 815 663 823 641 815 640 815 638 815 637 815 636 815 636 817 628 823 628 824 581 824 581 823 575 815 574 815 574 814 573 814 571 814 570 814 531 822 523 815 523 814 522 814 521 814 519 814 518 814 494 822 494 823 424 823 424 822 417 815 417 814 415 814 414 814 413 814 412 814 390 822 389 822 386 822 354 815 353 815 352 815 332 820 313 813 311 813 310 813 233 820 231 820 223 813 221 813 220 813 182 813 181 813 180 813 167 819 167 860"/></Shape>
	    <String CONTENT="Chantõs noel ⁊ en faisons la feste."
                    HPOS="166"
                    VPOS="813"
                    WIDTH="609"
                    HEIGHT="71"></String>
          </TextLine>

          
          
          <TextLine ID="eSc_line_66d94e24"
                    TAGREFS="LT249"
                    BASELINE="211 950 825 956" 
                    HPOS="210"
                    VPOS="906"
                    WIDTH="615"
                    HEIGHT="57">
            <Shape><Polygon POINTS="816 915 807 915 794 914 793 914 784 918 750 912 744 912 708 918 706 918 704 918 678 909 676 909 675 909 617 915 579 908 578 908 576 908 550 915 540 908 538 908 537 908 536 908 534 908 518 915 354 915 347 908 347 906 338 908 333 908 296 913 291 909 287 909 275 910 262 910 249 910 237 912 233 912 221 913 212 923 211 950 210 953 231 961 233 961 234 961 325 956 329 956 451 956 452 957 457 962 457 963 458 963 460 963 461 963 824 962 825 956 825 923 821 917"/></Shape>
	    <String CONTENT="¶ Noel nouueau du Psalme.136."
                    HPOS="210"
                    VPOS="906"
                    WIDTH="615"
                    HEIGHT="57"></String>
          </TextLine>

          
          
          <TextLine ID="eSc_line_5ce3a8bc"
                    TAGREFS="LT249"
                    BASELINE="210 998 837 1001" 
                    HPOS="209"
                    VPOS="955"
                    WIDTH="628"
                    HEIGHT="62">
            <Shape><Polygon POINTS="209 1005 224 1014 225 1014 226 1014 228 1014 229 1014 249 1007 258 1014 259 1014 261 1014 262 1015 360 1015 360 1014 391 1007 405 1004 431 1004 433 1008 439 1013 439 1014 441 1014 442 1014 443 1014 494 1009 538 1005 548 1010 559 1015 560 1015 561 1015 562 1015 564 1015 569 1012 578 1005 622 1005 638 1013 647 1017 649 1017 650 1017 675 1014 727 1007 835 1017 837 1001 836 966 768 966 768 965 759 957 758 957 756 957 755 957 754 957 753 957 742 965 741 966 699 966 699 965 692 958 692 957 690 957 689 957 688 957 609 963 576 956 575 956 574 956 573 956 545 963 543 963 522 956 521 956 519 956 479 963 475 963 472 963 451 956 450 956 448 956 447 956 424 963 423 963 419 958 418 958 418 957 417 957 415 957 414 957 385 962 384 962 354 955 353 955 352 955 210 961 210 998"/></Shape>
	    <String CONTENT="qui se chante sur le chant: Las ie my"
                    HPOS="209"
                    VPOS="955"
                    WIDTH="628"
                    HEIGHT="62"></String>
          </TextLine>

          
          
          <TextLine ID="eSc_line_0117978b"
                    TAGREFS="LT249"
                    BASELINE="212 1045 817 1048" 
                    HPOS="211"
                    VPOS="1001"
                    WIDTH="606"
                    HEIGHT="66">
            <Shape><Polygon POINTS="211 1060 215 1064 216 1064 216 1065 218 1065 219 1065 220 1065 221 1065 223 1065 234 1055 267 1065 268 1065 270 1065 361 1064 362 1064 363 1064 373 1056 373 1055 376 1056 396 1064 398 1064 399 1064 400 1064 401 1064 401 1062 409 1056 412 1055 428 1055 429 1056 444 1066 446 1066 447 1066 448 1066 450 1066 476 1057 479 1056 482 1057 505 1065 507 1065 508 1065 509 1065 529 1057 533 1056 548 1057 603 1064 604 1064 605 1064 607 1064 613 1058 616 1056 619 1058 637 1067 638 1067 640 1067 816 1060 817 1048 816 1013 759 1013 758 1012 745 1003 744 1003 742 1003 741 1003 740 1003 713 1010 675 1003 674 1003 673 1003 671 1003 671 1004 664 1010 663 1012 656 1010 616 1001 614 1001 613 1001 590 1009 589 1009 586 1009 502 1001 500 1001 499 1001 498 1001 498 1003 490 1008 488 1010 212 1005 212 1045"/></Shape>
	    <String CONTENT="plains que mauldicte soit fortune."
                    HPOS="211"
                    VPOS="1001"
                    WIDTH="606"
                    HEIGHT="66"></String>
          </TextLine>

          
          
          <TextLine ID="eSc_line_67b0f25a"
                    TAGREFS="LT248"
                    BASELINE="249 1138 860 1142" 
                    HPOS="247"
                    VPOS="1086"
                    WIDTH="612"
                    HEIGHT="69">
            <Shape><Polygon POINTS="324 1104 321 1093 310 1102 290 1102 249 1086 248 1137 247 1141 289 1148 290 1148 291 1148 309 1143 337 1152 338 1152 339 1152 341 1152 342 1152 353 1143 354 1143 370 1152 371 1152 372 1152 373 1152 392 1145 396 1143 399 1145 413 1152 414 1152 415 1152 417 1152 442 1146 443 1146 444 1146 466 1153 467 1153 469 1153 470 1153 471 1153 480 1147 482 1146 494 1147 538 1152 540 1152 603 1150 688 1146 856 1155 859 1141 856 1090 815 1103 802 1091 801 1091 799 1091 798 1091 797 1091 770 1104 707 1104 689 1093 688 1093 687 1093 656 1090 655 1090 654 1090 652 1090 640 1100 588 1089 586 1089 461 1102 424 1102 409 1088 408 1088 406 1088 387 1088 386 1088 385 1088 384 1088 367 1100 342 1099 333 1090 333 1089 332 1089 330 1089 329 1089 328 1089 327 1089 324 1104"/></Shape>
	    <String CONTENT="Ur les fleuues/ de babel la confuse"
                    HPOS="247"
                    VPOS="1086"
                    WIDTH="612"
                    HEIGHT="69"></String>
          </TextLine>

          
          
          <TextLine ID="eSc_line_a0a04b55"
                    TAGREFS="LT248"
                    BASELINE="251 1183 782 1186" 
                    HPOS="248"
                    VPOS="1138"
                    WIDTH="532"
                    HEIGHT="66">
            <Shape><Polygon POINTS="338 1181 328 1150 325 1151 314 1141 314 1140 313 1140 311 1140 249 1138 249 1181 248 1197 321 1200 323 1200 324 1200 333 1198 358 1191 366 1199 367 1199 367 1200 368 1200 370 1200 371 1202 391 1202 391 1200 392 1200 394 1200 394 1199 395 1199 404 1191 475 1198 476 1198 521 1193 541 1200 543 1202 545 1202 546 1202 555 1200 603 1193 637 1194 643 1202 645 1202 645 1203 646 1203 647 1203 649 1204 728 1204 728 1203 730 1203 731 1203 741 1194 777 1203 780 1185 779 1153 687 1142 685 1142 684 1142 683 1142 683 1143 675 1150 671 1153 655 1153 645 1148 626 1142 624 1142 623 1142 622 1142 621 1142 613 1148 607 1153 586 1147 565 1141 564 1141 562 1141 561 1141 550 1146 538 1152 509 1146 508 1146 431 1152 408 1142 401 1140 400 1140 399 1140 384 1142 347 1147 338 1181"/></Shape>
	    <String CONTENT="Illec assis/ auons de toy Syon"
                    HPOS="248"
                    VPOS="1138"
                    WIDTH="532"
                    HEIGHT="66"></String>
          </TextLine>

          
          
          <TextLine ID="eSc_line_8e0f1161"
                    TAGREFS="LT248"
                    BASELINE="163 1229 706 1235" 
                    HPOS="162"
                    VPOS="1186"
                    WIDTH="544"
                    HEIGHT="62">
            <Shape><Polygon POINTS="163 1214 163 1229 162 1237 262 1245 263 1245 264 1245 276 1240 289 1236 337 1241 377 1246 379 1246 395 1242 420 1237 438 1243 448 1247 450 1247 451 1247 452 1247 461 1243 477 1238 567 1238 703 1248 706 1235 706 1199 642 1190 641 1190 640 1190 616 1198 613 1198 611 1198 593 1190 592 1190 590 1190 560 1197 559 1197 400 1197 396 1195 368 1188 367 1188 366 1188 314 1194 299 1195 224 1195 223 1193 216 1188 216 1186 215 1186 214 1186 212 1186 164 1191 163 1214"/></Shape>
	    <String CONTENT="En gemissant/ eu recordation:"
                    HPOS="162"
                    VPOS="1186"
                    WIDTH="544"
                    HEIGHT="62"></String>
          </TextLine>

          
          
          <TextLine ID="eSc_line_f14860b9"
                    TAGREFS="LT248"
                    BASELINE="162 1279 812 1284" 
                    HPOS="160"
                    VPOS="1232"
                    WIDTH="652"
                    HEIGHT="72">
            <Shape><Polygon POINTS="632 1235 631 1235 618 1235 605 1235 593 1235 592 1235 590 1235 578 1241 570 1246 494 1246 482 1238 474 1235 472 1235 471 1235 470 1235 455 1238 434 1243 409 1237 394 1233 392 1233 391 1233 390 1233 384 1237 370 1245 333 1245 168 1232 162 1235 162 1279 160 1293 256 1300 257 1300 258 1300 259 1300 268 1294 273 1292 305 1292 310 1294 316 1299 318 1299 319 1299 320 1299 321 1299 338 1294 346 1293 360 1294 405 1302 406 1302 408 1302 409 1302 417 1295 420 1293 448 1293 458 1295 485 1303 486 1303 488 1303 489 1303 514 1295 517 1295 519 1295 551 1303 552 1303 553 1303 573 1295 579 1294 584 1295 600 1302 602 1302 603 1302 635 1297 647 1294 651 1297 666 1304 668 1304 669 1304 811 1297 812 1284 812 1247 796 1247 796 1246 785 1237 785 1236 784 1236 783 1236 782 1236 699 1243 676 1246 665 1243 633 1235 632 1235"/></Shape>
	    <String CONTENT="Car coeur dolent ioye ⁊ esbatz refuse."
                    HPOS="160"
                    VPOS="1232"
                    WIDTH="652"
                    HEIGHT="72"></String>
          </TextLine>

          
        </TextBlock>
        
        <TextBlock HPOS="161"
                   VPOS="1105"
                   WIDTH="86"
                   HEIGHT="92"
                   ID="eSc_textblock_b9f1ec2c"
                   TAGREFS="BT739">
          <Shape><Polygon POINTS="170 1105 161 1197 247 1195 247 1105"/></Shape>
          
          
          <TextLine ID="eSc_line_4856e0d8"
                    TAGREFS="LT250"
                    BASELINE="175 1169 247 1169" 
                    HPOS="174"
                    VPOS="1103"
                    WIDTH="71"
                    HEIGHT="85">
            <Shape><Polygon POINTS="174 1103 174 1167 174 1188 245 1176 245 1167 245 1138 242 1103"/></Shape>
	    <String CONTENT="S"
                    HPOS="174"
                    VPOS="1103"
                    WIDTH="71"
                    HEIGHT="85"></String>
          </TextLine>

          
        </TextBlock>
        

        
      </PrintSpace>
    </Page>
  </Layout>
</alto>
