<?xml version="1.0" encoding="UTF-8"?>
<alto xmlns:xsi="http://www.w3.org/2001/XMLSchema-instance"
      xmlns="http://www.loc.gov/standards/alto/ns-v4#"
      xsi:schemaLocation="http://www.loc.gov/standards/alto/ns-v4# http://www.loc.gov/standards/alto/v4/alto-4-2.xsd">
  <Description>
    <MeasurementUnit>pixel</MeasurementUnit>
    <sourceImageInformation>
      <fileName>51_872fb_default.jpg</fileName>
      <fileIdentifier>https://www.e-rara.ch/zuz/i3f/v20/165894/full/full/0/default.jpg</fileIdentifier>
    </sourceImageInformation>
  </Description>
  
  <Tags>
    <OtherTag ID="BT734" LABEL="MainZone" DESCRIPTION="block type MainZone"/><OtherTag ID="BT735" LABEL="MarginTextZone" DESCRIPTION="block type MarginTextZone"/><OtherTag ID="BT736" LABEL="QuireMarksZone" DESCRIPTION="block type QuireMarksZone"/><OtherTag ID="BT738" LABEL="GraphicZone" DESCRIPTION="block type GraphicZone"/><OtherTag ID="BT739" LABEL="DropCapitalZone" DESCRIPTION="block type DropCapitalZone"/><OtherTag ID="BT740" LABEL="NumberingZone" DESCRIPTION="block type NumberingZone"/><OtherTag ID="BT741" LABEL="StampZone" DESCRIPTION="block type StampZone"/><OtherTag ID="BT930" LABEL="TitlePageZone" DESCRIPTION="block type TitlePageZone"/><OtherTag ID="BT932" LABEL="DamageZone" DESCRIPTION="block type DamageZone"/><OtherTag ID="BT933" LABEL="TableZone" DESCRIPTION="block type TableZone"/><OtherTag ID="BT1366" LABEL="MarginTextZone:handwrittenAddition" DESCRIPTION="block type MarginTextZone:handwrittenAddition"/>
    <OtherTag ID="LT248" LABEL="DefaultLine" DESCRIPTION="line type DefaultLine"/><OtherTag ID="LT249" LABEL="HeadingLine" DESCRIPTION="line type HeadingLine"/><OtherTag ID="LT250" LABEL="DropCapitalLine" DESCRIPTION="line type DropCapitalLine"/>
  </Tags>
  
  <Layout>
    <Page WIDTH="1146"
          HEIGHT="1520"
          PHYSICAL_IMG_NR="51"
          ID="eSc_dummypage_">
      <PrintSpace HPOS="0"
                  VPOS="0"
                  WIDTH="1146"
                  HEIGHT="1520">
        
        <TextBlock HPOS="215"
                   VPOS="99"
                   WIDTH="796"
                   HEIGHT="1262"
                   ID="eSc_textblock_3899ee6a"
                   TAGREFS="BT734">
          <Shape><Polygon POINTS="224 99 215 1361 1011 1359 1011 99"/></Shape>
          
          
          <TextLine ID="eSc_line_b4b0ce76"
                    TAGREFS="LT248"
                    BASELINE="245 162 941 168" 
                    HPOS="244"
                    VPOS="116"
                    WIDTH="697"
                    HEIGHT="62">
            <Shape><Polygon POINTS="930 126 916 125 905 125 892 125 879 125 867 124 854 124 841 124 836 124 826 126 824 126 822 126 817 124 816 124 803 122 791 122 778 122 765 122 753 122 751 122 736 125 735 125 730 121 727 121 714 121 702 121 689 121 679 121 676 122 673 120 664 120 651 120 638 120 626 120 613 120 600 119 588 119 575 119 562 119 550 119 537 117 524 117 512 117 499 117 486 117 484 116 480 120 434 116 423 116 413 116 391 122 387 122 380 122 343 117 334 117 321 119 309 119 296 119 283 120 271 120 258 120 245 122 245 162 244 171 650 171 652 172 660 177 661 177 663 177 664 177 739 172 745 172 750 172 802 178 803 178 940 172 941 168 940 163 930 126"/></Shape>
	    <String CONTENT="¶ Or auõs nous pendu sur ta saulsoye"
                    HPOS="244"
                    VPOS="116"
                    WIDTH="697"
                    HEIGHT="62"></String>
          </TextLine>

          
          
          <TextLine ID="eSc_line_ff85bf00"
                    TAGREFS="LT248"
                    BASELINE="244 207 882 211" 
                    HPOS="243"
                    VPOS="164"
                    WIDTH="639"
                    HEIGHT="58">
            <Shape><Polygon POINTS="427 164 425 164 375 171 361 172 357 171 339 164 338 164 337 164 335 164 319 171 316 172 316 171 310 165 310 164 309 164 308 164 277 164 276 164 244 171 244 207 243 217 664 215 668 216 679 222 680 222 682 222 759 216 766 216 769 216 791 222 792 222 793 222 881 215 882 211 879 168 671 174 574 169 500 165 499 165 498 165 496 165 496 167 493 169 489 174 457 174 446 171 428 164 427 164"/></Shape>
	    <String CONTENT="Psalteriõs/ cymbales/ orgues/ cors/"
                    HPOS="243"
                    VPOS="164"
                    WIDTH="639"
                    HEIGHT="58"></String>
          </TextLine>

          
          
          <TextLine ID="eSc_line_6e4f0d8c"
                    TAGREFS="LT248"
                    BASELINE="242 255 998 259" 
                    HPOS="240"
                    VPOS="209"
                    WIDTH="758"
                    HEIGHT="57">
            <Shape><Polygon POINTS="990 225 982 221 940 221 940 220 925 209 924 209 922 209 898 209 897 209 896 209 894 209 894 210 882 220 882 221 843 221 841 220 825 211 824 211 822 211 821 211 797 220 796 220 784 211 774 211 761 211 749 211 665 219 663 219 647 210 647 210 635 210 622 210 609 210 597 210 584 210 571 210 559 210 546 210 533 210 521 210 508 210 495 210 489 210 479 215 469 210 457 210 450 209 437 217 436 217 432 217 384 217 373 209 368 209 360 209 299 217 295 217 280 209 280 209 268 209 242 216 242 255 240 263 996 266 998 259 996 244 990 225"/></Shape>
	    <String CONTENT="Et instrumẽtz/ sonnãtz par doulx accordz"
                    HPOS="240"
                    VPOS="209"
                    WIDTH="758"
                    HEIGHT="57"></String>
          </TextLine>

          
          
          <TextLine ID="eSc_line_9097fe42"
                    TAGREFS="LT248"
                    BASELINE="244 302 965 306" 
                    HPOS="243"
                    VPOS="257"
                    WIDTH="722"
                    HEIGHT="57">
            <Shape><Polygon POINTS="853 259 844 259 834 268 834 269 796 269 794 268 769 259 764 259 761 259 751 268 751 269 730 269 728 268 717 258 713 258 707 258 678 264 670 258 663 258 650 258 637 258 624 258 617 258 599 267 513 258 510 258 498 258 495 257 484 267 482 267 446 257 434 257 433 257 386 267 328 267 283 267 283 266 258 257 257 257 256 257 254 257 253 257 244 262 244 302 243 314 964 314 965 306 964 269 860 259 853 259"/></Shape>
	    <String CONTENT="Paoures captifz/ ne uiuẽt point en ioye."
                    HPOS="243"
                    VPOS="257"
                    WIDTH="722"
                    HEIGHT="57"></String>
          </TextLine>

          
          
          <TextLine ID="eSc_line_6fd60247"
                    TAGREFS="LT248"
                    BASELINE="245 348 965 352" 
                    HPOS="244"
                    VPOS="304"
                    WIDTH="721"
                    HEIGHT="60">
            <Shape><Polygon POINTS="791 306 778 306 765 306 760 306 731 312 726 312 725 312 713 305 702 305 689 305 682 305 548 311 532 311 531 311 523 305 513 305 507 311 505 311 491 305 486 305 477 304 465 310 465 311 338 311 337 310 327 304 321 304 316 304 300 310 297 310 245 310 245 348 244 354 256 361 257 361 258 361 259 361 470 354 508 362 509 362 510 362 536 355 676 362 678 362 679 362 680 362 690 355 766 363 768 364 922 364 922 363 924 363 935 357 941 363 943 363 944 363 945 363 946 363 964 355 965 352 964 314 796 306 791 306"/></Shape>
	    <String CONTENT="¶ On nous disoit chãtez les chãsõnettes"
                    HPOS="244"
                    VPOS="304"
                    WIDTH="721"
                    HEIGHT="60"></String>
          </TextLine>

          
          
          <TextLine ID="eSc_line_559b9841"
                    TAGREFS="LT248"
                    BASELINE="244 400 931 396" 
                    HPOS="243"
                    VPOS="349"
                    WIDTH="688"
                    HEIGHT="56">
            <Shape><Polygon POINTS="902 352 891 352 878 358 779 358 761 352 750 352 739 352 722 358 707 350 699 350 693 350 678 358 655 350 649 350 640 350 571 359 550 350 547 350 534 350 522 350 509 350 496 350 484 349 480 349 479 349 477 349 476 349 476 350 466 361 406 361 391 350 390 350 389 350 387 350 299 359 267 350 266 350 264 350 263 350 243 361 244 400 244 405 930 405 931 396 929 358 902 352 902 352"/></Shape>
	    <String CONTENT="Que uous chãtiez auãt q̃ destre prins/"
                    HPOS="243"
                    VPOS="349"
                    WIDTH="688"
                    HEIGHT="56"></String>
          </TextLine>

          
          
          <TextLine ID="eSc_line_11947d99"
                    TAGREFS="LT248"
                    BASELINE="242 442 1000 444" 
                    HPOS="240"
                    VPOS="396"
                    WIDTH="760"
                    HEIGHT="62">
            <Shape><Polygon POINTS="991 401 981 396 979 396 978 396 758 402 673 405 663 401 655 399 647 399 638 399 632 401 621 405 515 405 508 399 495 399 488 399 477 404 472 399 470 400 457 400 444 400 432 400 428 400 418 401 412 400 406 400 394 400 381 400 377 400 373 404 308 400 305 400 292 400 280 400 267 400 254 400 253 396 242 396 242 442 240 449 352 457 353 457 354 457 373 452 380 449 387 452 404 457 405 457 406 457 408 457 423 452 433 448 444 452 457 457 458 457 460 457 461 457 462 457 469 452 476 448 624 453 655 454 656 454 657 454 659 454 664 449 674 454 683 458 684 458 685 458 708 454 731 450 750 454 763 458 764 458 765 458 788 456 832 449 848 456 854 458 855 458 856 458 888 457 971 450 996 457 1000 444 1000 412 991 401"/></Shape>
	    <String CONTENT="Ausquelz disiõs/ nous nauõs poĩt apprins"
                    HPOS="240"
                    VPOS="396"
                    WIDTH="760"
                    HEIGHT="62"></String>
          </TextLine>

          
          
          <TextLine ID="eSc_line_98212526"
                    TAGREFS="LT248"
                    BASELINE="242 492 978 490" 
                    HPOS="240"
                    VPOS="443"
                    WIDTH="738"
                    HEIGHT="57">
            <Shape><Polygon POINTS="919 444 863 450 855 452 853 450 844 444 836 444 824 444 811 444 808 444 766 448 760 444 760 444 747 444 746 444 739 449 728 444 722 444 718 444 697 449 685 452 678 449 665 444 659 444 646 444 645 444 628 448 605 454 571 454 565 448 561 444 561 443 560 443 559 443 557 443 545 443 532 443 519 443 507 443 494 443 488 443 486 443 485 443 484 443 484 444 480 447 474 453 452 447 441 443 439 443 438 443 424 445 394 453 377 445 372 443 371 443 370 443 368 443 365 445 349 453 240 444 242 492 242 496 977 500 978 490 976 453 920 444 919 444"/></Shape>
	    <String CONTENT="Dainsi chãter dehors noz chãsons nettes."
                    HPOS="240"
                    VPOS="443"
                    WIDTH="738"
                    HEIGHT="57"></String>
          </TextLine>

          
          
          <TextLine ID="eSc_line_0b99b4c0"
                    TAGREFS="LT248"
                    BASELINE="242 537 971 539" 
                    HPOS="240"
                    VPOS="492"
                    WIDTH="731"
                    HEIGHT="53">
            <Shape><Polygon POINTS="597 492 584 492 571 492 559 492 547 500 547 501 466 501 465 500 456 492 446 492 429 500 428 500 427 500 398 492 394 492 385 492 362 500 360 500 356 500 305 492 305 492 292 492 287 492 242 499 242 537 240 543 968 545 971 539 969 502 919 492 917 492 916 492 901 500 886 492 884 492 816 492 815 492 813 492 812 492 812 494 803 501 803 502 713 502 711 501 695 492 694 492 693 492 692 492 679 499 663 492 661 492 660 492 659 492 630 501 627 501 626 501 608 492 597 492"/></Shape>
	    <String CONTENT="¶ A mõ palays puisse adherer ma langue"
                    HPOS="240"
                    VPOS="492"
                    WIDTH="731"
                    HEIGHT="53"></String>
          </TextLine>

          
          
          <TextLine ID="eSc_line_1f4ef26b"
                    TAGREFS="LT248"
                    BASELINE="240 582 969 585" 
                    HPOS="239"
                    VPOS="538"
                    WIDTH="730"
                    HEIGHT="58">
            <Shape><Polygon POINTS="962 582 953 552 935 552 935 551 925 543 925 542 924 542 922 542 921 542 920 542 919 542 907 549 892 539 891 539 889 539 888 539 887 539 886 539 875 547 750 539 749 539 747 539 746 539 732 549 731 551 730 549 721 543 720 543 718 543 717 543 682 549 669 551 663 548 647 543 646 543 645 543 643 543 622 548 613 551 608 548 592 540 590 540 589 540 588 540 564 548 557 549 542 548 499 542 498 542 469 547 461 548 460 547 448 538 447 538 446 538 444 538 443 538 422 547 414 551 329 551 323 545 314 539 313 539 311 539 310 539 309 539 291 544 285 539 285 538 283 538 282 538 281 538 240 544 240 582 239 592 446 589 465 592 476 595 477 595 495 592 519 589 524 592 527 595 528 595 529 595 531 595 727 591 785 590 789 590 816 596 817 596 892 590 893 590 894 590 946 596 948 596 949 596 968 589 969 585 968 582 962 582"/></Shape>
	    <String CONTENT="Et de ma dextre/ estre impotẽt tout mais"
                    HPOS="239"
                    VPOS="538"
                    WIDTH="730"
                    HEIGHT="58"></String>
          </TextLine>

          
          
          <TextLine ID="eSc_line_72ff184e"
                    TAGREFS="LT248"
                    BASELINE="240 634 799 632" 
                    HPOS="239"
                    VPOS="583"
                    WIDTH="560"
                    HEIGHT="61">
            <Shape><Polygon POINTS="733 585 721 585 717 585 707 591 707 592 643 592 642 591 631 585 619 585 607 585 586 591 586 592 543 592 543 591 526 583 518 583 505 583 493 583 480 583 479 583 470 591 469 592 466 591 443 583 442 583 429 583 417 583 404 583 391 583 379 583 366 583 358 583 346 590 332 585 330 585 329 585 328 585 313 591 309 592 301 591 263 583 252 583 239 589 240 634 240 638 299 643 300 643 328 638 339 637 344 638 358 644 360 644 361 644 394 638 404 637 422 638 479 644 480 644 481 644 498 638 503 637 507 638 521 643 522 643 523 643 524 643 542 638 547 637 555 638 583 643 584 643 585 643 604 638 609 637 612 638 624 643 626 643 627 643 798 637 799 632 797 592 744 585 733 585"/></Shape>
	    <String CONTENT="Hierusalem/ si en oubly te metz:"
                    HPOS="239"
                    VPOS="583"
                    WIDTH="560"
                    HEIGHT="61"></String>
          </TextLine>

          
          
          <TextLine ID="eSc_line_5c96c631"
                    TAGREFS="LT248"
                    BASELINE="239 680 887 677" 
                    HPOS="238"
                    VPOS="632"
                    WIDTH="649"
                    HEIGHT="59">
            <Shape><Polygon POINTS="872 646 860 637 846 632 845 632 844 632 766 642 756 633 745 633 732 633 720 633 707 633 694 633 682 633 679 633 665 643 642 643 613 633 605 633 598 639 574 635 573 635 571 635 570 635 560 643 559 643 557 643 538 637 537 637 536 637 534 637 533 637 527 643 526 643 519 643 458 635 457 635 456 635 455 635 455 637 448 642 427 635 425 635 424 635 423 635 410 640 396 634 390 634 386 634 368 643 366 644 315 644 311 643 281 634 276 634 270 634 238 642 239 680 240 691 268 684 332 684 343 690 344 690 346 690 347 690 348 690 367 684 400 690 403 690 404 690 405 690 422 684 438 690 439 690 441 690 442 690 446 690 472 684 884 685 887 677 881 653 872 646"/></Shape>
	    <String CONTENT="Car en tẽps deu ie te feray harengue."
                    HPOS="238"
                    VPOS="632"
                    WIDTH="649"
                    HEIGHT="59"></String>
          </TextLine>

          
          
          <TextLine ID="eSc_line_e1817cd2"
                    TAGREFS="LT248"
                    BASELINE="240 725 993 725" 
                    HPOS="240"
                    VPOS="678"
                    WIDTH="753"
                    HEIGHT="61">
            <Shape><Polygon POINTS="988 689 976 684 963 682 954 681 930 690 873 690 859 680 858 680 856 680 855 680 854 680 836 690 694 690 665 678 664 678 663 678 661 678 641 685 616 678 614 678 613 678 542 689 531 680 519 680 507 680 499 680 491 687 482 680 481 680 469 680 456 680 443 680 437 686 429 680 418 680 405 680 392 680 384 680 363 690 330 690 310 680 304 680 291 680 278 680 266 680 256 680 240 687 240 725 240 730 290 738 291 738 292 738 320 732 373 738 375 738 408 732 415 738 417 738 418 738 419 739 486 739 486 738 488 738 489 738 496 732 553 732 562 738 564 738 565 738 566 738 695 732 977 738 978 738 979 738 993 730 993 725 992 720 988 689"/></Shape>
	    <String CONTENT="¶ Des filz Dedon seigñr auras memoire/"
                    HPOS="240"
                    VPOS="678"
                    WIDTH="753"
                    HEIGHT="61"></String>
          </TextLine>

          
          
          <TextLine ID="eSc_line_71b22aed"
                    TAGREFS="LT248"
                    BASELINE="240 771 953 773" 
                    HPOS="239"
                    VPOS="727"
                    WIDTH="714"
                    HEIGHT="53">
            <Shape><Polygon POINTS="900 727 888 727 870 735 831 727 824 727 811 727 798 727 785 727 773 727 769 727 747 735 746 735 722 728 721 728 720 728 718 728 717 728 717 729 711 734 702 727 697 727 684 727 671 727 659 727 646 727 643 727 633 735 632 735 546 735 542 735 533 727 532 727 519 727 510 727 457 734 456 734 455 734 376 728 375 728 327 734 324 734 315 727 304 727 291 727 278 727 266 727 257 727 240 733 240 771 239 780 952 777 953 773 952 737 900 727 900 727"/></Shape>
	    <String CONTENT="Lesquelz ont dit a neant/ a neãt/ a neant"
                    HPOS="239"
                    VPOS="727"
                    WIDTH="714"
                    HEIGHT="53"></String>
          </TextLine>

          
          
          <TextLine ID="eSc_line_e3448d25"
                    TAGREFS="LT248"
                    BASELINE="238 819 826 819" 
                    HPOS="238"
                    VPOS="772"
                    WIDTH="588"
                    HEIGHT="55">
            <Shape><Polygon POINTS="821 773 808 773 796 773 783 773 770 773 758 773 755 773 744 781 624 781 616 773 605 773 593 772 580 772 567 772 555 772 552 772 536 780 522 773 519 772 517 772 508 772 500 773 457 781 415 781 409 773 406 772 403 772 398 772 396 773 387 780 380 773 379 772 377 772 368 772 366 773 351 780 238 775 238 819 238 827 826 825 826 819 826 773 821 773"/></Shape>
	    <String CONTENT="Hierusalem soit mise/ en te nyant"
                    HPOS="238"
                    VPOS="772"
                    WIDTH="588"
                    HEIGHT="55"></String>
          </TextLine>

          
          
          <TextLine ID="eSc_line_48022662"
                    TAGREFS="LT248"
                    BASELINE="237 865 958 868" 
                    HPOS="235"
                    VPOS="818"
                    WIDTH="723"
                    HEIGHT="62">
            <Shape><Polygon POINTS="949 828 893 818 892 818 891 818 855 828 844 818 843 818 841 818 840 818 839 818 837 818 826 828 825 829 797 829 796 828 787 820 782 820 777 820 769 828 768 829 723 829 722 828 714 820 706 820 693 820 680 820 671 820 609 827 604 828 576 828 575 827 564 820 553 820 541 820 528 820 515 820 510 820 504 827 503 827 438 827 437 825 428 820 427 820 414 820 401 820 389 820 376 820 366 820 361 825 358 825 310 820 300 820 287 820 275 820 262 820 257 820 237 824 237 865 235 875 645 872 663 879 664 879 665 879 666 879 709 872 955 880 958 868 957 833 949 828"/></Shape>
	    <String CONTENT="Et blasphemant: nont uolu a toy croyre."
                    HPOS="235"
                    VPOS="818"
                    WIDTH="723"
                    HEIGHT="62"></String>
          </TextLine>

          
          
          <TextLine ID="eSc_line_76a659f4"
                    TAGREFS="LT248"
                    BASELINE="239 912 863 912" 
                    HPOS="239"
                    VPOS="867"
                    WIDTH="624"
                    HEIGHT="58">
            <Shape><Polygon POINTS="822 868 810 868 797 868 784 868 772 868 759 868 746 868 733 868 721 868 708 867 707 867 706 867 704 867 703 867 693 875 692 876 663 876 661 875 652 867 651 867 650 867 649 867 647 867 621 875 618 875 616 875 589 867 588 867 586 867 555 875 550 876 470 876 466 874 450 867 448 867 447 867 409 874 408 874 399 867 398 867 396 867 395 867 394 867 392 867 386 874 385 875 380 874 360 867 358 867 357 867 356 867 344 874 341 875 338 874 325 867 324 867 323 867 239 872 239 912 239 917 301 925 302 925 304 925 325 918 332 924 333 924 334 924 335 924 382 918 387 918 389 918 400 925 401 925 403 925 404 925 405 925 422 918 424 918 429 918 472 925 474 925 475 925 476 925 484 919 485 918 532 918 534 919 542 925 543 925 545 925 546 925 586 919 590 919 592 919 605 925 607 925 608 925 654 919 673 918 709 920 788 925 789 925 863 920 863 912 863 876 831 868 822 868"/></Shape>
	    <String CONTENT="¶ O babylone/ tresmiserable uille/"
                    HPOS="239"
                    VPOS="867"
                    WIDTH="624"
                    HEIGHT="58"></String>
          </TextLine>

          
          
          <TextLine ID="eSc_line_d6bf3605"
                    TAGREFS="LT248"
                    BASELINE="237 961 874 958" 
                    HPOS="235"
                    VPOS="909"
                    WIDTH="639"
                    HEIGHT="65">
            <Shape><Polygon POINTS="856 913 844 913 841 913 793 919 728 913 717 913 704 913 692 913 679 913 671 913 661 919 586 913 585 913 584 913 552 920 529 913 527 913 514 913 508 913 467 922 376 922 361 913 349 913 342 913 318 920 308 913 306 913 305 913 299 913 286 913 273 913 261 913 248 913 247 912 235 912 237 961 237 974 277 965 332 965 339 971 339 972 341 972 342 972 343 972 344 972 346 972 366 965 442 971 472 972 474 972 475 972 481 970 495 965 507 970 514 972 515 972 517 972 518 972 526 969 536 965 598 967 666 971 668 971 669 971 670 971 670 970 674 966 675 965 679 966 689 970 690 970 692 970 723 966 741 963 754 965 801 971 802 971 873 962 874 958 870 909 856 910 856 913"/></Shape>
	    <String CONTENT="Bienheureux est celuy qui te rendra"
                    HPOS="235"
                    VPOS="909"
                    WIDTH="639"
                    HEIGHT="65"></String>
          </TextLine>

          
          
          <TextLine ID="eSc_line_c0a8790b"
                    TAGREFS="LT248"
                    BASELINE="237 1008 893 1004" 
                    HPOS="235"
                    VPOS="960"
                    WIDTH="658"
                    HEIGHT="59">
            <Shape><Polygon POINTS="818 960 806 960 785 967 777 960 768 960 755 960 742 960 730 960 717 960 704 960 701 960 692 967 692 969 670 970 598 970 594 967 571 960 565 960 557 960 532 967 528 969 524 967 509 962 508 962 507 962 467 967 460 969 457 967 448 961 438 961 425 961 424 961 333 967 294 970 281 967 253 961 248 961 242 961 235 965 237 1008 237 1012 296 1012 297 1012 313 1019 314 1019 315 1019 316 1019 337 1012 339 1012 412 1012 414 1012 437 1019 438 1019 439 1019 441 1019 469 1012 475 1010 482 1012 505 1018 507 1018 508 1018 553 1012 565 1010 574 1012 608 1018 609 1018 892 1010 893 1004 891 969 821 960 818 960"/></Shape>
	    <String CONTENT="Ung tel loyer/ quil ten appartiendra/"
                    HPOS="235"
                    VPOS="960"
                    WIDTH="658"
                    HEIGHT="59"></String>
          </TextLine>

          
          
          <TextLine ID="eSc_line_8cb9cbac"
                    TAGREFS="LT248"
                    BASELINE="238 1053 892 1051" 
                    HPOS="237"
                    VPOS="1005"
                    WIDTH="655"
                    HEIGHT="57">
            <Shape><Polygon POINTS="731 1005 718 1005 713 1005 702 1013 631 1007 630 1007 600 1013 581 1007 579 1007 566 1007 557 1015 408 1015 399 1008 389 1008 376 1008 363 1008 351 1008 349 1008 343 1014 330 1008 325 1008 319 1008 290 1014 271 1008 262 1008 253 1008 237 1015 238 1053 238 1062 891 1057 892 1051 889 1014 740 1005 731 1005"/></Shape>
	    <String CONTENT="Qui est dauoir en fin la prison uille."
                    HPOS="237"
                    VPOS="1005"
                    WIDTH="655"
                    HEIGHT="57"></String>
          </TextLine>

          
          
          <TextLine ID="eSc_line_25e2f10c"
                    TAGREFS="LT248"
                    BASELINE="235 1098 931 1100" 
                    HPOS="234"
                    VPOS="1053"
                    WIDTH="697"
                    HEIGHT="60">
            <Shape><Polygon POINTS="922 1058 824 1062 817 1058 812 1055 811 1055 810 1055 740 1055 739 1055 737 1055 722 1058 709 1062 697 1058 683 1055 682 1055 680 1055 679 1055 678 1055 674 1058 669 1062 642 1058 616 1056 614 1056 599 1060 584 1062 565 1060 529 1053 528 1053 527 1053 526 1053 518 1060 514 1062 396 1062 394 1060 385 1053 384 1053 382 1053 375 1053 362 1053 349 1053 337 1053 324 1053 311 1053 299 1053 286 1053 273 1053 262 1053 261 1053 259 1053 235 1060 235 1098 234 1102 302 1112 304 1112 305 1112 306 1112 318 1104 348 1112 349 1112 351 1112 391 1104 583 1113 584 1113 585 1113 608 1105 668 1113 669 1113 930 1107 931 1100 929 1064 922 1058"/></Shape>
	    <String CONTENT="¶ Biẽheureux est qui ta faulse semence"
                    HPOS="234"
                    VPOS="1053"
                    WIDTH="697"
                    HEIGHT="60"></String>
          </TextLine>

          
          
          <TextLine ID="eSc_line_8722a3ba"
                    TAGREFS="LT248"
                    BASELINE="234 1143 755 1146" 
                    HPOS="233"
                    VPOS="1102"
                    WIDTH="522"
                    HEIGHT="53">
            <Shape><Polygon POINTS="234 1143 233 1147 305 1155 306 1155 754 1152 755 1146 755 1112 737 1103 736 1103 735 1103 651 1110 613 1103 612 1103 537 1110 536 1110 534 1110 494 1102 493 1102 491 1102 472 1109 465 1102 463 1102 462 1102 461 1102 460 1102 428 1110 309 1110 301 1103 301 1102 300 1102 299 1102 243 1102 242 1102 240 1102 239 1102 234 1105 234 1143"/></Shape>
	    <String CONTENT="A la pierre/ brisera rudement:"
                    HPOS="233"
                    VPOS="1102"
                    WIDTH="522"
                    HEIGHT="53"></String>
          </TextLine>

          
          
          <TextLine ID="eSc_line_539bc594"
                    TAGREFS="LT248"
                    BASELINE="235 1191 952 1191" 
                    HPOS="235"
                    VPOS="1146"
                    WIDTH="717"
                    HEIGHT="58">
            <Shape><Polygon POINTS="948 1146 910 1146 908 1146 907 1146 906 1146 897 1155 837 1155 825 1147 824 1146 822 1146 821 1146 763 1146 761 1146 760 1146 756 1147 744 1153 731 1148 725 1146 723 1146 722 1146 721 1146 711 1148 692 1153 685 1148 682 1146 680 1146 679 1146 666 1146 654 1146 641 1146 628 1146 616 1146 603 1146 602 1146 576 1150 556 1153 551 1151 545 1146 543 1146 542 1146 540 1146 527 1146 514 1146 502 1146 470 1146 469 1146 467 1146 466 1146 466 1147 461 1151 458 1155 363 1155 362 1152 356 1147 356 1146 354 1146 353 1146 352 1146 351 1146 349 1146 339 1153 337 1155 292 1155 291 1153 259 1146 258 1146 257 1146 256 1146 235 1153 235 1191 235 1204 952 1204 952 1191 952 1176 948 1146"/></Shape>
	    <String CONTENT="Car dieu punist/ les mauuais iustement/"
                    HPOS="235"
                    VPOS="1146"
                    WIDTH="717"
                    HEIGHT="58"></String>
          </TextLine>

          
          
          <TextLine ID="eSc_line_8cc52205"
                    TAGREFS="LT248"
                    BASELINE="234 1241 936 1241" 
                    HPOS="234"
                    VPOS="1193"
                    WIDTH="702"
                    HEIGHT="64">
            <Shape><Polygon POINTS="881 1193 868 1193 855 1193 843 1193 830 1193 817 1193 810 1193 808 1193 807 1193 806 1193 806 1194 796 1203 777 1203 768 1194 768 1193 766 1193 765 1193 764 1193 763 1193 761 1193 746 1203 702 1203 685 1194 684 1194 683 1194 682 1194 680 1194 668 1203 623 1203 612 1193 611 1193 609 1193 602 1193 589 1193 576 1193 570 1193 569 1193 567 1193 566 1193 553 1203 496 1203 451 1193 450 1193 448 1193 447 1193 447 1194 438 1202 419 1195 418 1195 417 1195 415 1195 414 1195 414 1197 408 1203 352 1203 343 1194 342 1194 341 1194 339 1194 299 1200 251 1193 249 1193 248 1193 247 1193 234 1200 234 1241 235 1256 261 1247 267 1254 268 1254 270 1254 271 1254 396 1247 406 1255 406 1256 408 1256 409 1256 410 1256 412 1256 414 1255 429 1247 500 1247 514 1255 515 1256 517 1256 518 1256 519 1257 590 1257 590 1256 592 1256 593 1256 595 1254 602 1248 608 1254 609 1254 611 1254 612 1254 613 1254 647 1248 652 1254 655 1255 655 1256 656 1256 657 1256 659 1256 675 1254 708 1247 725 1254 733 1256 735 1256 736 1257 789 1257 789 1256 791 1256 792 1256 796 1252 803 1248 935 1251 936 1241 936 1203 893 1193 881 1193"/></Shape>
	    <String CONTENT="Et remet tout/ aux siens par sa clemẽce."
                    HPOS="234"
                    VPOS="1193"
                    WIDTH="702"
                    HEIGHT="64"></String>
          </TextLine>

          
          
          <TextLine ID="eSc_line_c741a2f2"
                    TAGREFS="LT249"
                    BASELINE="333 1336 849 1336" 
                    HPOS="333"
                    VPOS="1293"
                    WIDTH="516"
                    HEIGHT="66">
            <Shape><Polygon POINTS="827 1293 815 1293 802 1293 789 1293 777 1293 764 1293 751 1293 749 1295 736 1293 726 1293 713 1293 701 1293 692 1293 683 1295 682 1297 619 1297 618 1295 614 1293 612 1293 599 1293 586 1293 581 1293 570 1295 569 1295 567 1295 560 1293 548 1293 536 1293 523 1293 522 1293 513 1295 510 1295 507 1295 490 1293 485 1293 472 1293 460 1293 447 1293 443 1295 442 1295 441 1295 433 1293 422 1293 409 1293 396 1293 384 1293 371 1293 360 1293 341 1294 333 1298 333 1336 333 1345 418 1357 419 1357 420 1357 463 1346 490 1346 499 1354 500 1354 502 1354 503 1354 504 1354 505 1354 518 1346 559 1346 578 1357 579 1357 580 1357 581 1357 778 1347 789 1356 789 1357 791 1357 792 1357 793 1359 818 1359 818 1357 820 1357 849 1345 849 1336 849 1299 840 1297"/></Shape>
	    <String CONTENT="¶ Fin des Noelz nouueaulx."
                    HPOS="333"
                    VPOS="1293"
                    WIDTH="516"
                    HEIGHT="66"></String>
          </TextLine>

          
        </TextBlock>
        

        
      </PrintSpace>
    </Page>
  </Layout>
</alto>
